@article{Robinson_2005,
	doi = {10.1098/rstb.2005.1638},
	url = {https://doi.org/10.1098%2Frstb.2005.1638},
	year = 2005,
	month = {may},
	publisher = {The Royal Society},
	volume = {360},
	number = {1457},
	pages = {1043--1050},
	author = {P. A Robinson and C. J Rennie and D. L Rowe and S. C O{\textquotesingle}Connor and E Gordon},
	title = {Multiscale brain modelling},
	journal = {Philosophical Transactions of the Royal Society B: Biological Sciences}
}
@article{Cole_2016,
	doi = {10.1038/nn.4406},
	url = {https://doi.org/10.1038%2Fnn.4406},
	year = 2016,
	month = {oct},
	publisher = {Springer Science and Business Media {LLC}},
	volume = {19},
	number = {12},
	pages = {1718--1726},
	author = {Michael W Cole and Takuya Ito and Danielle S Bassett and Douglas H Schultz},
	title = {Activity flow over resting-state networks shapes cognitive task activations},
	journal = {Nature Neuroscience}
}
@article{Chen_2018,
	doi = {10.1089/brain.2018.0586},
	url = {https://doi.org/10.1089%2Fbrain.2018.0586},
	year = 2018,
	month = {sep},
	publisher = {Mary Ann Liebert Inc},
	volume = {8},
	number = {7},
	pages = {429--443},
	author = {Richard H. Chen and Takuya Ito and Kaustubh R. Kulkarni and Michael W. Cole},
	title = {The Human Brain Traverses a Common Activation-Pattern State Space Across Task and Rest},
	journal = {Brain Connectivity}
}
@article{Woo_2015,
	doi = {10.1371/journal.pbio.1002036},
	url = {https://doi.org/10.1371%2Fjournal.pbio.1002036},
	year = 2015,
	month = {jan},
	publisher = {Public Library of Science ({PLoS})},
	volume = {13},
	number = {1},
	pages = {e1002036},
	author = {Choong-Wan Woo and Mathieu Roy and Jason T. Buhle and Tor D. Wager},
	editor = {Michael Posner},
	title = {Distinct Brain Systems Mediate the Effects of Nociceptive Input and Self-Regulation on Pain},
	journal = {{PLoS} Biology}
}
@article{Hearne_2021,
	doi = {10.1126/sciadv.abf2513},
	url = {https://doi.org/10.1126%2Fsciadv.abf2513},
	year = 2021,
	month = {jul},
	publisher = {American Association for the Advancement of Science ({AAAS})},
	volume = {7},
	number = {29},
	author = {Luke J. Hearne and Ravi D. Mill and Brian P. Keane and Grega Repov{\v{s}} and Alan Anticevic and Michael W. Cole},
	title = {Activity flow underlying abnormalities in brain activations and cognition in schizophrenia},
	journal = {Science Advances}
}
@article{Tor_D__2011,
	doi = {10.3389/conf.fninf.2011.08.00058},
	url = {https://doi.org/10.3389%2Fconf.fninf.2011.08.00058},
	year = 2011,
	publisher = {Frontiers Media {SA}},
	volume = {5},
	author = {Wager Tor D.},
	title = {{NeuroSynth}: a new platform for large-scale automated synthesis of human functional neuroimaging data},
	journal = {Frontiers in Neuroinformatics}
}
@article{Cioli_2014,
	doi = {10.1371/journal.pone.0115913},
	url = {https://doi.org/10.1371%2Fjournal.pone.0115913},
	year = 2014,
	month = {dec},
	publisher = {Public Library of Science ({PLoS})},
	volume = {9},
	number = {12},
	pages = {e115913},
	author = {Claudia Cioli and Herv{\'{e}} Abdi and Derek Beaton and Yves Burnod and Salma Mesmoudi},
	editor = {Alexander G. Obukhov},
	title = {Differences in Human Cortical Gene Expression Match the Temporal Properties of Large-Scale Functional Networks},
	journal = {{PLoS} {ONE}}
}
@article{Doerig_2023,
	doi = {10.1038/s41583-023-00705-w},
	url = {https://doi.org/10.1038%2Fs41583-023-00705-w},
	year = 2023,
	month = {may},
	publisher = {Springer Science and Business Media {LLC}},
	volume = {24},
	number = {7},
	pages = {431--450},
	author = {Adrien Doerig and Rowan P. Sommers and Katja Seeliger and Blake Richards and Jenann Ismael and Grace W. Lindsay and Konrad P. Kording and Talia Konkle and Marcel A. J. van Gerven and Nikolaus Kriegeskorte and Tim C. Kietzmann},
	title = {The neuroconnectionist research programme},
	journal = {Nature Reviews Neuroscience}
}
@article{Breakspear_2017,
	doi = {10.1038/nn.4497},
	url = {https://doi.org/10.1038%2Fnn.4497},
	year = 2017,
	month = {feb},
	publisher = {Springer Science and Business Media {LLC}},
	volume = {20},
	number = {3},
	pages = {340--352},
	author = {Michael Breakspear},
	title = {Dynamic models of large-scale brain activity},
	journal = {Nature Neuroscience}
}
@article{Greene_2023,
	doi = {10.1016/j.tins.2023.04.001},
	url = {https://doi.org/10.1016%2Fj.tins.2023.04.001},
	year = 2023,
	month = {jul},
	publisher = {Elsevier {BV}},
	volume = {46},
	number = {7},
	pages = {508--524},
	author = {Abigail S. Greene and Corey Horien and Daniel Barson and Dustin Scheinost and R. Todd Constable},
	title = {Why is everyone talking about brain state?},
	journal = {Trends in Neurosciences}
}
@article{Heinz_2018,
	doi = {10.1093/schbul/sby154},
	url = {https://doi.org/10.1093%2Fschbul%2Fsby154},
	year = 2018,
	month = {nov},
	publisher = {Oxford University Press ({OUP})},
	volume = {45},
	number = {5},
	pages = {1092--1100},
	author = {Andreas Heinz and Graham K Murray and Florian Schlagenhauf and Philipp Sterzer and Anthony A Grace and James A Waltz},
	title = {Towards a Unifying Cognitive, Neurophysiological, and Computational Neuroscience Account of Schizophrenia},
	journal = {Schizophrenia Bulletin}
}
@article{Barttfeld_2015,
	doi = {10.1073/pnas.1418031112},
	url = {https://doi.org/10.1073%2Fpnas.1418031112},
	year = 2015,
	month = {jan},
	publisher = {Proceedings of the National Academy of Sciences},
	volume = {112},
	number = {3},
	pages = {887--892},
	author = {Pablo Barttfeld and Lynn Uhrig and Jacobo D. Sitt and Mariano Sigman and B{\'{e}}chir Jarraya and Stanislas Dehaene},
	title = {Signature of consciousness in the dynamics of resting-state brain activity},
	journal = {Proceedings of the National Academy of Sciences}
}
@article{Smith_2012,
	doi = {10.1073/pnas.1121329109},
	url = {https://doi.org/10.1073%2Fpnas.1121329109},
	year = 2012,
	month = {feb},
	publisher = {Proceedings of the National Academy of Sciences},
	volume = {109},
	number = {8},
	pages = {3131--3136},
	author = {Stephen M. Smith and Karla L. Miller and Steen Moeller and Junqian Xu and Edward J. Auerbach and Mark W. Woolrich and Christian F. Beckmann and Mark Jenkinson and Jesper Andersson and Matthew F. Glasser and David C. Van Essen and David A. Feinberg and Essa S. Yacoub and Kamil Ugurbil},
	title = {Temporally-independent functional modes of spontaneous brain activity},
	journal = {Proceedings of the National Academy of Sciences}
}
@article{Ito_2017,
	doi = {10.1038/s41467-017-01000-w},
	url = {https://doi.org/10.1038%2Fs41467-017-01000-w},
	year = 2017,
	month = {oct},
	publisher = {Springer Science and Business Media {LLC}},
	volume = {8},
	number = {1},
	author = {Takuya Ito and Kaustubh R. Kulkarni and Douglas H. Schultz and Ravi D. Mill and Richard H. Chen and Levi I. Solomyak and Michael W. Cole},
	title = {Cognitive task information is transferred between brain regions via resting-state network topology},
	journal = {Nature Communications}
}
@article{Golland_2008,
	doi = {10.1016/j.neuropsychologia.2007.10.003},
	url = {https://doi.org/10.1016%2Fj.neuropsychologia.2007.10.003},
	year = 2008,
	publisher = {Elsevier {BV}},
	volume = {46},
	number = {2},
	pages = {540--553},
	author = {Yulia Golland and Polina Golland and Shlomo Bentin and Rafael Malach},
	title = {Data-driven clustering reveals a fundamental subdivision of the human cortex into two global systems},
	journal = {Neuropsychologia}
}
@article{Hopfield_1982,
	doi = {10.1073/pnas.79.8.2554},
	url = {https://doi.org/10.1073%2Fpnas.79.8.2554},
	year = 1982,
	month = {apr},
	publisher = {Proceedings of the National Academy of Sciences},
	volume = {79},
	number = {8},
	pages = {2554--2558},
	author = {J J Hopfield},
	title = {Neural networks and physical systems with emergent collective computational abilities.},
	journal = {Proceedings of the National Academy of Sciences}
}
@article{Liu_2013,
	doi = {10.1073/pnas.1216856110},
	url = {https://doi.org/10.1073%2Fpnas.1216856110},
	year = 2013,
	month = {feb},
	publisher = {Proceedings of the National Academy of Sciences},
	volume = {110},
	number = {11},
	pages = {4392--4397},
	author = {Xiao Liu and Jeff H. Duyn},
	title = {Time-varying functional network information extracted from brief instances of spontaneous brain activity},
	journal = {Proceedings of the National Academy of Sciences}
}