@article{Liu_2013,
	doi = {10.1073/pnas.1216856110},
	url = {https://doi.org/10.1073%2Fpnas.1216856110},
	year = 2013,
	month = {feb},
	publisher = {Proceedings of the National Academy of Sciences},
	volume = {110},
	number = {11},
	pages = {4392--4397},
	author = {Xiao Liu and Jeff H. Duyn},
	title = {Time-varying functional network information extracted from brief instances of spontaneous brain activity},
	journal = {Proceedings of the National Academy of Sciences}
}
@article{Bassett_2017,
	doi = {10.1038/nn.4502},
	url = {https://doi.org/10.1038%2Fnn.4502},
	year = 2017,
	month = {feb},
	publisher = {Springer Science and Business Media {LLC}},
	volume = {20},
	number = {3},
	pages = {353--364},
	author = {Danielle S Bassett and Olaf Sporns},
	title = {Network neuroscience},
	journal = {Nature Neuroscience}
}
@article{Smith_2012,
	doi = {10.1073/pnas.1121329109},
	url = {https://doi.org/10.1073%2Fpnas.1121329109},
	year = 2012,
	month = {feb},
	publisher = {Proceedings of the National Academy of Sciences},
	volume = {109},
	number = {8},
	pages = {3131--3136},
	author = {Stephen M. Smith and Karla L. Miller and Steen Moeller and Junqian Xu and Edward J. Auerbach and Mark W. Woolrich and Christian F. Beckmann and Mark Jenkinson and Jesper Andersson and Matthew F. Glasser and David C. Van Essen and David A. Feinberg and Essa S. Yacoub and Kamil Ugurbil},
	title = {Temporally-independent functional modes of spontaneous brain activity},
	journal = {Proceedings of the National Academy of Sciences}
}
@article{Gutierrez_Barragan_2019,
	doi = {10.1016/j.cub.2019.06.017},
	url = {https://doi.org/10.1016%2Fj.cub.2019.06.017},
	year = 2019,
	month = {jul},
	publisher = {Elsevier {BV}},
	volume = {29},
	number = {14},
	pages = {2295--2306.e5},
	author = {Daniel Gutierrez-Barragan and M. Albert Basson and Stefano Panzeri and Alessandro Gozzi},
	title = {Infraslow State Fluctuations Govern Spontaneous {fMRI} Network Dynamics},
	journal = {Current Biology}
}
@article{Vidaurre_2017,
	doi = {10.1073/pnas.1705120114},
	url = {https://doi.org/10.1073%2Fpnas.1705120114},
	year = 2017,
	month = {oct},
	publisher = {Proceedings of the National Academy of Sciences},
	volume = {114},
	number = {48},
	pages = {12827--12832},
	author = {Diego Vidaurre and Stephen M. Smith and Mark W. Woolrich},
	title = {Brain network dynamics are hierarchically organized in time},
	journal = {Proceedings of the National Academy of Sciences}
}