@article{Robinson_2005,
	doi = {10.1098/rstb.2005.1638},
	url = {https://doi.org/10.1098%2Frstb.2005.1638},
	year = 2005,
	month = {may},
	publisher = {The Royal Society},
	volume = {360},
	number = {1457},
	pages = {1043--1050},
	author = {P. A Robinson and C. J Rennie and D. L Rowe and S. C O{\textquotesingle}Connor and E Gordon},
	title = {Multiscale brain modelling},
	journal = {Philosophical Transactions of the Royal Society B: Biological Sciences}
}
@article{Hopfield_1982,
	doi = {10.1073/pnas.79.8.2554},
	url = {https://doi.org/10.1073%2Fpnas.79.8.2554},
	year = 1982,
	month = {apr},
	publisher = {Proceedings of the National Academy of Sciences},
	volume = {79},
	number = {8},
	pages = {2554--2558},
	author = {J J Hopfield},
	title = {Neural networks and physical systems with emergent collective computational abilities.},
	journal = {Proceedings of the National Academy of Sciences}
}
@article{Chen_2018,
	doi = {10.1089/brain.2018.0586},
	url = {https://doi.org/10.1089%2Fbrain.2018.0586},
	year = 2018,
	month = {sep},
	publisher = {Mary Ann Liebert Inc},
	volume = {8},
	number = {7},
	pages = {429--443},
	author = {Richard H. Chen and Takuya Ito and Kaustubh R. Kulkarni and Michael W. Cole},
	title = {The Human Brain Traverses a Common Activation-Pattern State Space Across Task and Rest},
	journal = {Brain Connectivity}
}
@article{Golland_2008,
	doi = {10.1016/j.neuropsychologia.2007.10.003},
	url = {https://doi.org/10.1016%2Fj.neuropsychologia.2007.10.003},
	year = 2008,
	publisher = {Elsevier {BV}},
	volume = {46},
	number = {2},
	pages = {540--553},
	author = {Yulia Golland and Polina Golland and Shlomo Bentin and Rafael Malach},
	title = {Data-driven clustering reveals a fundamental subdivision of the human cortex into two global systems},
	journal = {Neuropsychologia}
}
@article{Daunizeau_2012,
	doi = {10.1016/j.neuroimage.2012.04.061},
	url = {https://doi.org/10.1016%2Fj.neuroimage.2012.04.061},
	year = 2012,
	month = {aug},
	publisher = {Elsevier {BV}},
	volume = {62},
	number = {1},
	pages = {464--481},
	author = {J. Daunizeau and K.E. Stephan and K.J. Friston},
	title = {Stochastic dynamic causal modelling of {fMRI} data: Should we care about neural noise?},
	journal = {{NeuroImage}}
}