@article{Hopfield_1982,
	doi = {10.1073/pnas.79.8.2554},
	url = {https://doi.org/10.1073%2Fpnas.79.8.2554},
	year = 1982,
	month = {apr},
	publisher = {Proceedings of the National Academy of Sciences},
	volume = {79},
	number = {8},
	pages = {2554--2558},
	author = {J J Hopfield},
	title = {Neural networks and physical systems with emergent collective computational abilities.},
	journal = {Proceedings of the National Academy of Sciences}
}
@article{Ito_2017,
	doi = {10.1038/s41467-017-01000-w},
	url = {https://doi.org/10.1038%2Fs41467-017-01000-w},
	year = 2017,
	month = {oct},
	publisher = {Springer Science and Business Media {LLC}},
	volume = {8},
	number = {1},
	author = {Takuya Ito and Kaustubh R. Kulkarni and Douglas H. Schultz and Ravi D. Mill and Richard H. Chen and Levi I. Solomyak and Michael W. Cole},
	title = {Cognitive task information is transferred between brain regions via resting-state network topology},
	journal = {Nature Communications}
}
@article{Cole_2016,
	doi = {10.1038/nn.4406},
	url = {https://doi.org/10.1038%2Fnn.4406},
	year = 2016,
	month = {oct},
	publisher = {Springer Science and Business Media {LLC}},
	volume = {19},
	number = {12},
	pages = {1718--1726},
	author = {Michael W Cole and Takuya Ito and Danielle S Bassett and Douglas H Schultz},
	title = {Activity flow over resting-state networks shapes cognitive task activations},
	journal = {Nature Neuroscience}
}
@article{Richiardi_2011,
	doi = {10.1016/j.neuroimage.2010.05.081},
	url = {https://doi.org/10.1016%2Fj.neuroimage.2010.05.081},
	year = 2011,
	month = {may},
	publisher = {Elsevier {BV}},
	volume = {56},
	number = {2},
	pages = {616--626},
	author = {Jonas Richiardi and Hamdi Eryilmaz and Sophie Schwartz and Patrik Vuilleumier and Dimitri Van De Ville},
	title = {Decoding brain states from {fMRI} connectivity graphs},
	journal = {{NeuroImage}}
}
@article{Krotov_2023,
	doi = {10.1038/s42254-023-00595-y},
	url = {https://doi.org/10.1038%2Fs42254-023-00595-y},
	year = 2023,
	month = {may},
	publisher = {Springer Science and Business Media {LLC}},
	volume = {5},
	number = {7},
	pages = {366--367},
	author = {Dmitry Krotov},
	title = {A new frontier for Hopfield networks},
	journal = {Nature Reviews Physics}
}
@article{Chen_2018,
	doi = {10.1089/brain.2018.0586},
	url = {https://doi.org/10.1089%2Fbrain.2018.0586},
	year = 2018,
	month = {sep},
	publisher = {Mary Ann Liebert Inc},
	volume = {8},
	number = {7},
	pages = {429--443},
	author = {Richard H. Chen and Takuya Ito and Kaustubh R. Kulkarni and Michael W. Cole},
	title = {The Human Brain Traverses a Common Activation-Pattern State Space Across Task and Rest},
	journal = {Brain Connectivity}
}
@article{Daunizeau_2012,
	doi = {10.1016/j.neuroimage.2012.04.061},
	url = {https://doi.org/10.1016%2Fj.neuroimage.2012.04.061},
	year = 2012,
	month = {aug},
	publisher = {Elsevier {BV}},
	volume = {62},
	number = {1},
	pages = {464--481},
	author = {J. Daunizeau and K.E. Stephan and K.J. Friston},
	title = {Stochastic dynamic causal modelling of {fMRI} data: Should we care about neural noise?},
	journal = {{NeuroImage}}
}
@article{Koiran_1994,
	doi = {10.1162/neco.1994.6.3.459},
	url = {https://doi.org/10.1162%2Fneco.1994.6.3.459},
	year = 1994,
	month = {may},
	publisher = {{MIT} Press - Journals},
	volume = {6},
	number = {3},
	pages = {459--468},
	author = {Pascal Koiran},
	title = {Dynamics of Discrete Time, Continuous State Hopfield Networks},
	journal = {Neural Computation}
}
@article{Doerig_2023,
	doi = {10.1038/s41583-023-00705-w},
	url = {https://doi.org/10.1038%2Fs41583-023-00705-w},
	year = 2023,
	month = {may},
	publisher = {Springer Science and Business Media {LLC}},
	volume = {24},
	number = {7},
	pages = {431--450},
	author = {Adrien Doerig and Rowan P. Sommers and Katja Seeliger and Blake Richards and Jenann Ismael and Grace W. Lindsay and Konrad P. Kording and Talia Konkle and Marcel A. J. van Gerven and Nikolaus Kriegeskorte and Tim C. Kietzmann},
	title = {The neuroconnectionist research programme},
	journal = {Nature Reviews Neuroscience}
}
@article{Woo_2015,
	doi = {10.1371/journal.pbio.1002036},
	url = {https://doi.org/10.1371%2Fjournal.pbio.1002036},
	year = 2015,
	month = {jan},
	publisher = {Public Library of Science ({PLoS})},
	volume = {13},
	number = {1},
	pages = {e1002036},
	author = {Choong-Wan Woo and Mathieu Roy and Jason T. Buhle and Tor D. Wager},
	editor = {Michael Posner},
	title = {Distinct Brain Systems Mediate the Effects of Nociceptive Input and Self-Regulation on Pain},
	journal = {{PLoS} Biology}
}
@article{Robinson_2005,
	doi = {10.1098/rstb.2005.1638},
	url = {https://doi.org/10.1098%2Frstb.2005.1638},
	year = 2005,
	month = {may},
	publisher = {The Royal Society},
	volume = {360},
	number = {1457},
	pages = {1043--1050},
	author = {P. A Robinson and C. J Rennie and D. L Rowe and S. C O{\textquotesingle}Connor and E Gordon},
	title = {Multiscale brain modelling},
	journal = {Philosophical Transactions of the Royal Society B: Biological Sciences}
}
@article{Mill_2022,
	doi = {10.1371/journal.pbio.3001686},
	url = {https://doi.org/10.1371%2Fjournal.pbio.3001686},
	year = 2022,
	month = {aug},
	publisher = {Public Library of Science ({PLoS})},
	volume = {20},
	number = {8},
	pages = {e3001686},
	author = {Ravi D. Mill and Julia L. Hamilton and Emily C. Winfield and Nicole Lalta and Richard H. Chen and Michael W. Cole},
	editor = {Claus C. Hilgetag},
	title = {Network modeling of dynamic brain interactions predicts emergence of neural information that supports human cognitive behavior},
	journal = {{PLOS} Biology}
}
@article{Breakspear_2017,
	doi = {10.1038/nn.4497},
	url = {https://doi.org/10.1038%2Fnn.4497},
	year = 2017,
	month = {feb},
	publisher = {Springer Science and Business Media {LLC}},
	volume = {20},
	number = {3},
	pages = {340--352},
	author = {Michael Breakspear},
	title = {Dynamic models of large-scale brain activity},
	journal = {Nature Neuroscience}
}
@article{McCormick_2022,
	doi = {10.1162/netn_a_00234},
	url = {https://doi.org/10.1162%2Fnetn_a_00234},
	year = 2022,
	publisher = {{MIT} Press - Journals},
	volume = {6},
	number = {2},
	pages = {570--590},
	author = {Ethan M. McCormick and Katelyn L. Arnemann and Takuya Ito and Stephen Jos{\'{e}} Hanson and Michael W. Cole},
	title = {Latent functional connectivity underlying multiple brain states},
	journal = {Network Neuroscience}
}
@article{Spisak_2020,
	doi = {10.1038/s41467-019-13785-z},
	url = {https://doi.org/10.1038%2Fs41467-019-13785-z},
	year = 2020,
	month = {jan},
	publisher = {Springer Science and Business Media {LLC}},
	volume = {11},
	number = {1},
	author = {Tamas Spisak and Balint Kincses and Frederik Schlitt and Matthias Zunhammer and Tobias Schmidt-Wilcke and Zsigmond T. Kincses and Ulrike Bingel},
	title = {Pain-free resting-state functional brain connectivity predicts individual pain sensitivity},
	journal = {Nature Communications}
}
@article{Hearne_2021,
	doi = {10.1126/sciadv.abf2513},
	url = {https://doi.org/10.1126%2Fsciadv.abf2513},
	year = 2021,
	month = {jul},
	publisher = {American Association for the Advancement of Science ({AAAS})},
	volume = {7},
	number = {29},
	author = {Luke J. Hearne and Ravi D. Mill and Brian P. Keane and Grega Repov{\v{s}} and Alan Anticevic and Michael W. Cole},
	title = {Activity flow underlying abnormalities in brain activations and cognition in schizophrenia},
	journal = {Science Advances}
}
@article{Tor_D__2011,
	doi = {10.3389/conf.fninf.2011.08.00058},
	url = {https://doi.org/10.3389%2Fconf.fninf.2011.08.00058},
	year = 2011,
	publisher = {Frontiers Media {SA}},
	volume = {5},
	author = {Wager Tor D.},
	title = {{NeuroSynth}: a new platform for large-scale automated synthesis of human functional neuroimaging data},
	journal = {Frontiers in Neuroinformatics}
}
@article{Smith_2012,
	doi = {10.1073/pnas.1121329109},
	url = {https://doi.org/10.1073%2Fpnas.1121329109},
	year = 2012,
	month = {feb},
	publisher = {Proceedings of the National Academy of Sciences},
	volume = {109},
	number = {8},
	pages = {3131--3136},
	author = {Stephen M. Smith and Karla L. Miller and Steen Moeller and Junqian Xu and Edward J. Auerbach and Mark W. Woolrich and Christian F. Beckmann and Mark Jenkinson and Jesper Andersson and Matthew F. Glasser and David C. Van Essen and David A. Feinberg and Essa S. Yacoub and Kamil Ugurbil},
	title = {Temporally-independent functional modes of spontaneous brain activity},
	journal = {Proceedings of the National Academy of Sciences}
}
@article{Zunhammer_2021,
	doi = {10.1038/s41467-021-21179-3},
	url = {https://doi.org/10.1038%2Fs41467-021-21179-3},
	year = 2021,
	month = {mar},
	publisher = {Springer Science and Business Media {LLC}},
	volume = {12},
	number = {1},
	author = {Matthias Zunhammer and Tam{\'{a}}s Spis{\'{a}}k and Tor D. Wager and Ulrike Bingel and Lauren Atlas and Fabrizio Benedetti and Christian Büchel and Jae Chan Choi and Luana Colloca and Davide Duzzi and Falk Eippert and Dan-Mikael Ellingsen and Sigrid Elsenbruch and Stephan Geuter and Ted J. Kaptchuk and Simon S. Kessner and Irving Kirsch and Jian Kong and Claus Lamm and Siri Leknes and Fausta Lui and Alexa Müllner-Huber and Carlo A. Porro and Markus Rütgen and Lieven A. Schenk and Julia Schmid and Nina Theysohn and Irene Tracey and Nathalie Wrobel and Fadel Zeidan and},
	title = {Meta-analysis of neural systems underlying placebo analgesia from individual participant {fMRI} data},
	journal = {Nature Communications}
}