@article{Bassett_2017,
	doi = {10.1038/nn.4502},
	url = {https://doi.org/10.1038%2Fnn.4502},
	year = 2017,
	month = {feb},
	publisher = {Springer Science and Business Media {LLC}},
	volume = {20},
	number = {3},
	pages = {353--364},
	author = {Danielle S Bassett and Olaf Sporns},
	title = {Network neuroscience},
	journal = {Nature Neuroscience}
}
@article{Liu_2013,
	doi = {10.1073/pnas.1216856110},
	url = {https://doi.org/10.1073%2Fpnas.1216856110},
	year = 2013,
	month = {feb},
	publisher = {Proceedings of the National Academy of Sciences},
	volume = {110},
	number = {11},
	pages = {4392--4397},
	author = {Xiao Liu and Jeff H. Duyn},
	title = {Time-varying functional network information extracted from brief instances of spontaneous brain activity},
	journal = {Proceedings of the National Academy of Sciences}
}
@article{Hutchison_2013,
	doi = {10.1016/j.neuroimage.2013.05.079},
	url = {https://doi.org/10.1016%2Fj.neuroimage.2013.05.079},
	year = 2013,
	month = {oct},
	publisher = {Elsevier {BV}},
	volume = {80},
	pages = {360--378},
	author = {R. Matthew Hutchison and Thilo Womelsdorf and Elena A. Allen and Peter A. Bandettini and Vince D. Calhoun and Maurizio Corbetta and Stefania Della Penna and Jeff H. Duyn and Gary H. Glover and Javier Gonzalez-Castillo and Daniel A. Handwerker and Shella Keilholz and Vesa Kiviniemi and David A. Leopold and Francesco de Pasquale and Olaf Sporns and Martin Walter and Catie Chang},
	title = {Dynamic functional connectivity: Promise, issues, and interpretations},
	journal = {{NeuroImage}}
}
@article{Vidaurre_2017,
	doi = {10.1073/pnas.1705120114},
	url = {https://doi.org/10.1073%2Fpnas.1705120114},
	year = 2017,
	month = {oct},
	publisher = {Proceedings of the National Academy of Sciences},
	volume = {114},
	number = {48},
	pages = {12827--12832},
	author = {Diego Vidaurre and Stephen M. Smith and Mark W. Woolrich},
	title = {Brain network dynamics are hierarchically organized in time},
	journal = {Proceedings of the National Academy of Sciences}
}
@article{Ito_2017,
	doi = {10.1038/s41467-017-01000-w},
	url = {https://doi.org/10.1038%2Fs41467-017-01000-w},
	year = 2017,
	month = {oct},
	publisher = {Springer Science and Business Media {LLC}},
	volume = {8},
	number = {1},
	author = {Takuya Ito and Kaustubh R. Kulkarni and Douglas H. Schultz and Ravi D. Mill and Richard H. Chen and Levi I. Solomyak and Michael W. Cole},
	title = {Cognitive task information is transferred between brain regions via resting-state network topology},
	journal = {Nature Communications}
}
@article{Cole_2016,
	doi = {10.1038/nn.4406},
	url = {https://doi.org/10.1038%2Fnn.4406},
	year = 2016,
	month = {oct},
	publisher = {Springer Science and Business Media {LLC}},
	volume = {19},
	number = {12},
	pages = {1718--1726},
	author = {Michael W Cole and Takuya Ito and Danielle S Bassett and Douglas H Schultz},
	title = {Activity flow over resting-state networks shapes cognitive task activations},
	journal = {Nature Neuroscience}
}
@article{Hopfield_1982,
	doi = {10.1073/pnas.79.8.2554},
	url = {https://doi.org/10.1073%2Fpnas.79.8.2554},
	year = 1982,
	month = {apr},
	publisher = {Proceedings of the National Academy of Sciences},
	volume = {79},
	number = {8},
	pages = {2554--2558},
	author = {J J Hopfield},
	title = {Neural networks and physical systems with emergent collective computational abilities.},
	journal = {Proceedings of the National Academy of Sciences}
}
@article{Barttfeld_2015,
	doi = {10.1073/pnas.1418031112},
	url = {https://doi.org/10.1073%2Fpnas.1418031112},
	year = 2015,
	month = {jan},
	publisher = {Proceedings of the National Academy of Sciences},
	volume = {112},
	number = {3},
	pages = {887--892},
	author = {Pablo Barttfeld and Lynn Uhrig and Jacobo D. Sitt and Mariano Sigman and B{\'{e}}chir Jarraya and Stanislas Dehaene},
	title = {Signature of consciousness in the dynamics of resting-state brain activity},
	journal = {Proceedings of the National Academy of Sciences}
}