@article{Cole_2016,
	doi = {10.1038/nn.4406},
	url = {https://doi.org/10.1038%2Fnn.4406},
	year = 2016,
	month = {oct},
	publisher = {Springer Science and Business Media {LLC}},
	volume = {19},
	number = {12},
	pages = {1718--1726},
	author = {Michael W Cole and Takuya Ito and Danielle S Bassett and Douglas H Schultz},
	title = {Activity flow over resting-state networks shapes cognitive task activations},
	journal = {Nature Neuroscience}
}
@article{Ito_2017,
	doi = {10.1038/s41467-017-01000-w},
	url = {https://doi.org/10.1038%2Fs41467-017-01000-w},
	year = 2017,
	month = {oct},
	publisher = {Springer Science and Business Media {LLC}},
	volume = {8},
	number = {1},
	author = {Takuya Ito and Kaustubh R. Kulkarni and Douglas H. Schultz and Ravi D. Mill and Richard H. Chen and Levi I. Solomyak and Michael W. Cole},
	title = {Cognitive task information is transferred between brain regions via resting-state network topology},
	journal = {Nature Communications}
}
@article{Cabral_2017,
	doi = {10.1016/j.neuroimage.2017.03.045},
	url = {https://doi.org/10.1016%2Fj.neuroimage.2017.03.045},
	year = 2017,
	month = {oct},
	publisher = {Elsevier {BV}},
	volume = {160},
	pages = {84--96},
	author = {Joana Cabral and Morten L. Kringelbach and Gustavo Deco},
	title = {Functional connectivity dynamically evolves on multiple time-scales over a static structural connectome: Models and mechanisms},
	journal = {{NeuroImage}}
}
@article{Mill_2022,
	doi = {10.1371/journal.pbio.3001686},
	url = {https://doi.org/10.1371%2Fjournal.pbio.3001686},
	year = 2022,
	month = {aug},
	publisher = {Public Library of Science ({PLoS})},
	volume = {20},
	number = {8},
	pages = {e3001686},
	author = {Ravi D. Mill and Julia L. Hamilton and Emily C. Winfield and Nicole Lalta and Richard H. Chen and Michael W. Cole},
	editor = {Claus C. Hilgetag},
	title = {Network modeling of dynamic brain interactions predicts emergence of neural information that supports human cognitive behavior},
	journal = {{PLOS} Biology}
}
@article{Khona_2022,
	doi = {10.1038/s41583-022-00642-0},
	url = {https://doi.org/10.1038%2Fs41583-022-00642-0},
	year = 2022,
	month = {nov},
	publisher = {Springer Science and Business Media {LLC}},
	volume = {23},
	number = {12},
	pages = {744--766},
	author = {Mikail Khona and Ila R. Fiete},
	title = {Attractor and integrator networks in the brain},
	journal = {Nature Reviews Neuroscience}
}
@article{Woo_2015,
	doi = {10.1371/journal.pbio.1002036},
	url = {https://doi.org/10.1371%2Fjournal.pbio.1002036},
	year = 2015,
	month = {jan},
	publisher = {Public Library of Science ({PLoS})},
	volume = {13},
	number = {1},
	pages = {e1002036},
	author = {Choong-Wan Woo and Mathieu Roy and Jason T. Buhle and Tor D. Wager},
	editor = {Michael Posner},
	title = {Distinct Brain Systems Mediate the Effects of Nociceptive Input and Self-Regulation on Pain},
	journal = {{PLoS} Biology}
}
@article{Di_Martino_2013,
	doi = {10.1038/mp.2013.78},
	url = {https://doi.org/10.1038%2Fmp.2013.78},
	year = 2013,
	month = {jun},
	publisher = {Springer Science and Business Media {LLC}},
	volume = {19},
	number = {6},
	pages = {659--667},
	author = {A Di Martino and C-G Yan and Q Li and E Denio and F X Castellanos and K Alaerts and J S Anderson and M Assaf and S Y Bookheimer and M Dapretto and B Deen and S Delmonte and I Dinstein and B Ertl-Wagner and D A Fair and L Gallagher and D P Kennedy and C L Keown and C Keysers and J E Lainhart and C Lord and B Luna and V Menon and N J Minshew and C S Monk and S Mueller and R-A M端ller and M B Nebel and J T Nigg and K O{\textquotesingle}Hearn and K A Pelphrey and S J Peltier and J D Rudie and S Sunaert and M Thioux and J M Tyszka and L Q Uddin and J S Verhoeven and N Wenderoth and J L Wiggins and S H Mostofsky and M P Milham},
	title = {The autism brain imaging data exchange: towards a large-scale evaluation of the intrinsic brain architecture in autism},
	journal = {Molecular Psychiatry}
}
@article{Hopfield_1982,
	doi = {10.1073/pnas.79.8.2554},
	url = {https://doi.org/10.1073%2Fpnas.79.8.2554},
	year = 1982,
	month = {apr},
	publisher = {Proceedings of the National Academy of Sciences},
	volume = {79},
	number = {8},
	pages = {2554--2558},
	author = {J J Hopfield},
	title = {Neural networks and physical systems with emergent collective computational abilities.},
	journal = {Proceedings of the National Academy of Sciences}
}
@article{McCormick_2022,
	doi = {10.1162/netn_a_00234},
	url = {https://doi.org/10.1162%2Fnetn_a_00234},
	year = 2022,
	publisher = {{MIT} Press - Journals},
	volume = {6},
	number = {2},
	pages = {570--590},
	author = {Ethan M. McCormick and Katelyn L. Arnemann and Takuya Ito and Stephen Jos{\'{e}} Hanson and Michael W. Cole},
	title = {Latent functional connectivity underlying multiple brain states},
	journal = {Network Neuroscience}
}
@article{Aine_2017,
	doi = {10.1007/s12021-017-9338-9},
	url = {https://doi.org/10.1007%2Fs12021-017-9338-9},
	year = 2017,
	month = {aug},
	publisher = {Springer Science and Business Media {LLC}},
	volume = {15},
	number = {4},
	pages = {343--364},
	author = {C. J. Aine and H. J. Bockholt and J. R. Bustillo and J. M. Ca{\~{n}}ive and A. Caprihan and C. Gasparovic and F. M. Hanlon and J. M. Houck and R. E. Jung and J. Lauriello and J. Liu and A. R. Mayer and N. I. Perrone-Bizzozero and S. Posse and J. M. Stephen and J. A. Turner and V. P. Clark and Vince D. Calhoun},
	title = {Multimodal Neuroimaging in Schizophrenia: Description and Dissemination},
	journal = {Neuroinformatics}
}
@article{Hertz_1991,
	doi = {10.1063/1.2810360},
	url = {https://doi.org/10.1063%2F1.2810360},
	year = 1991,
	month = {dec},
	publisher = {{AIP} Publishing},
	volume = {44},
	number = {12},
	pages = {70--70},
	author = {John Hertz and Anders Krogh and Richard G. Palmer and Heinz Horner},
	title = {$\less$i$\greater$Introduction to the Theory of Neural Computation$\less$/i$\greater$},
	journal = {Physics Today}
}
@article{Spisak_2020,
	doi = {10.1038/s41467-019-13785-z},
	url = {https://doi.org/10.1038%2Fs41467-019-13785-z},
	year = 2020,
	month = {jan},
	publisher = {Springer Science and Business Media {LLC}},
	volume = {11},
	number = {1},
	author = {Tamas Spisak and Balint Kincses and Frederik Schlitt and Matthias Zunhammer and Tobias Schmidt-Wilcke and Zsigmond T. Kincses and Ulrike Bingel},
	title = {Pain-free resting-state functional brain connectivity predicts individual pain sensitivity},
	journal = {Nature Communications}
}
@article{Chen_2018,
	doi = {10.1089/brain.2018.0586},
	url = {https://doi.org/10.1089%2Fbrain.2018.0586},
	year = 2018,
	month = {sep},
	publisher = {Mary Ann Liebert Inc},
	volume = {8},
	number = {7},
	pages = {429--443},
	author = {Richard H. Chen and Takuya Ito and Kaustubh R. Kulkarni and Michael W. Cole},
	title = {The Human Brain Traverses a Common Activation-Pattern State Space Across Task and Rest},
	journal = {Brain Connectivity}
}
@article{Tor_D__2011,
	doi = {10.3389/conf.fninf.2011.08.00058},
	url = {https://doi.org/10.3389%2Fconf.fninf.2011.08.00058},
	year = 2011,
	publisher = {Frontiers Media {SA}},
	volume = {5},
	author = {Wager Tor D.},
	title = {{NeuroSynth}: a new platform for large-scale automated synthesis of human functional neuroimaging data},
	journal = {Frontiers in Neuroinformatics}
}
@article{Hearne_2021,
	doi = {10.1126/sciadv.abf2513},
	url = {https://doi.org/10.1126%2Fsciadv.abf2513},
	year = 2021,
	month = {jul},
	publisher = {American Association for the Advancement of Science ({AAAS})},
	volume = {7},
	number = {29},
	author = {Luke J. Hearne and Ravi D. Mill and Brian P. Keane and Grega Repov{\v{s}} and Alan Anticevic and Michael W. Cole},
	title = {Activity flow underlying abnormalities in brain activations and cognition in schizophrenia},
	journal = {Science Advances}
}
@article{Zunhammer_2021,
	doi = {10.1038/s41467-021-21179-3},
	url = {https://doi.org/10.1038%2Fs41467-021-21179-3},
	year = 2021,
	month = {mar},
	publisher = {Springer Science and Business Media {LLC}},
	volume = {12},
	number = {1},
	author = {Matthias Zunhammer and Tam{\'{a}}s Spis{\'{a}}k and Tor D. Wager and Ulrike Bingel and Lauren Atlas and Fabrizio Benedetti and Christian B端chel and Jae Chan Choi and Luana Colloca and Davide Duzzi and Falk Eippert and Dan-Mikael Ellingsen and Sigrid Elsenbruch and Stephan Geuter and Ted J. Kaptchuk and Simon S. Kessner and Irving Kirsch and Jian Kong and Claus Lamm and Siri Leknes and Fausta Lui and Alexa M端llner-Huber and Carlo A. Porro and Markus R端tgen and Lieven A. Schenk and Julia Schmid and Nina Theysohn and Irene Tracey and Nathalie Wrobel and Fadel Zeidan and},
	title = {Meta-analysis of neural systems underlying placebo analgesia from individual participant {fMRI} data},
	journal = {Nature Communications}
}