@article{Kriegeskorte_2018,
	doi = {10.1038/s41593-018-0210-5},
	url = {https://doi.org/10.1038%2Fs41593-018-0210-5},
	year = 2018,
	month = {aug},
	publisher = {Springer Science and Business Media {LLC}},
	volume = {21},
	number = {9},
	pages = {1148--1160},
	author = {Nikolaus Kriegeskorte and Pamela K. Douglas},
	title = {Cognitive computational neuroscience},
	journal = {Nature Neuroscience}
}
@article{Doerig_2023,
	doi = {10.1038/s41583-023-00705-w},
	url = {https://doi.org/10.1038%2Fs41583-023-00705-w},
	year = 2023,
	month = {may},
	publisher = {Springer Science and Business Media {LLC}},
	volume = {24},
	number = {7},
	pages = {431--450},
	author = {Adrien Doerig and Rowan P. Sommers and Katja Seeliger and Blake Richards and Jenann Ismael and Grace W. Lindsay and Konrad P. Kording and Talia Konkle and Marcel A. J. van Gerven and Nikolaus Kriegeskorte and Tim C. Kietzmann},
	title = {The neuroconnectionist research programme},
	journal = {Nature Reviews Neuroscience}
}
@article{Liu_2013,
	doi = {10.1073/pnas.1216856110},
	url = {https://doi.org/10.1073%2Fpnas.1216856110},
	year = 2013,
	month = {feb},
	publisher = {Proceedings of the National Academy of Sciences},
	volume = {110},
	number = {11},
	pages = {4392--4397},
	author = {Xiao Liu and Jeff H. Duyn},
	title = {Time-varying functional network information extracted from brief instances of spontaneous brain activity},
	journal = {Proceedings of the National Academy of Sciences}
}
@article{Richards_2019,
	doi = {10.1038/s41593-019-0520-2},
	url = {https://doi.org/10.1038%2Fs41593-019-0520-2},
	year = 2019,
	month = {oct},
	publisher = {Springer Science and Business Media {LLC}},
	volume = {22},
	number = {11},
	pages = {1761--1770},
	author = {Blake A. Richards and Timothy P. Lillicrap and Philippe Beaudoin and Yoshua Bengio and Rafal Bogacz and Amelia Christensen and Claudia Clopath and Rui Ponte Costa and Archy de Berker and Surya Ganguli and Colleen J. Gillon and Danijar Hafner and Adam Kepecs and Nikolaus Kriegeskorte and Peter Latham and Grace W. Lindsay and Kenneth D. Miller and Richard Naud and Christopher C. Pack and Panayiota Poirazi and Pieter Roelfsema and Jo{\~{a}}o Sacramento and Andrew Saxe and Benjamin Scellier and Anna C. Schapiro and Walter Senn and Greg Wayne and Daniel Yamins and Friedemann Zenke and Joel Zylberberg and Denis Therien and Konrad P. Kording},
	title = {A deep learning framework for neuroscience},
	journal = {Nature Neuroscience}
}
@article{Cole_2016,
	doi = {10.1038/nn.4406},
	url = {https://doi.org/10.1038%2Fnn.4406},
	year = 2016,
	month = {oct},
	publisher = {Springer Science and Business Media {LLC}},
	volume = {19},
	number = {12},
	pages = {1718--1726},
	author = {Michael W Cole and Takuya Ito and Danielle S Bassett and Douglas H Schultz},
	title = {Activity flow over resting-state networks shapes cognitive task activations},
	journal = {Nature Neuroscience}
}
@article{Heinz_2018,
	doi = {10.1093/schbul/sby154},
	url = {https://doi.org/10.1093%2Fschbul%2Fsby154},
	year = 2018,
	month = {nov},
	publisher = {Oxford University Press ({OUP})},
	volume = {45},
	number = {5},
	pages = {1092--1100},
	author = {Andreas Heinz and Graham K Murray and Florian Schlagenhauf and Philipp Sterzer and Anthony A Grace and James A Waltz},
	title = {Towards a Unifying Cognitive, Neurophysiological, and Computational Neuroscience Account of Schizophrenia},
	journal = {Schizophrenia Bulletin}
}
@article{Koiran_1994,
	doi = {10.1162/neco.1994.6.3.459},
	url = {https://doi.org/10.1162%2Fneco.1994.6.3.459},
	year = 1994,
	month = {may},
	publisher = {{MIT} Press - Journals},
	volume = {6},
	number = {3},
	pages = {459--468},
	author = {Pascal Koiran},
	title = {Dynamics of Discrete Time, Continuous State Hopfield Networks},
	journal = {Neural Computation}
}
@article{Krotov_2023,
	doi = {10.1038/s42254-023-00595-y},
	url = {https://doi.org/10.1038%2Fs42254-023-00595-y},
	year = 2023,
	month = {may},
	publisher = {Springer Science and Business Media {LLC}},
	volume = {5},
	number = {7},
	pages = {366--367},
	author = {Dmitry Krotov},
	title = {A new frontier for Hopfield networks},
	journal = {Nature Reviews Physics}
}