@article{bassett2017network,
  title={Network neuroscience},
  author={Bassett, Danielle S and Sporns, Olaf},
  journal={Nature neuroscience},
  volume={20},
  number={3},
  pages={353--364},
  year={2017},
  publisher={Nature Publishing Group US New York}
}

@article{gutierrez2019infraslow,
  title={Infraslow state fluctuations govern spontaneous fMRI network dynamics},
  author={Gutierrez-Barragan, Daniel and Basson, M Albert and Panzeri, Stefano and Gozzi, Alessandro},
  journal={Current Biology},
  volume={29},
  number={14},
  pages={2295--2306},
  year={2019},
  publisher={Elsevier}
}

@article{liu2013time,
  title={Time-varying functional network information extracted from brief instances of spontaneous brain activity},
  author={Liu, Xiao and Duyn, Jeff H},
  journal={Proceedings of the National Academy of Sciences},
  volume={110},
  number={11},
  pages={4392--4397},
  year={2013},
  publisher={National Acad Sciences}
}

@article{zalesky2014time,
  title={Time-resolved resting-state brain networks},
  author={Zalesky, Andrew and Fornito, Alex and Cocchi, Luca and Gollo, Leonardo L and Breakspear, Michael},
  journal={Proceedings of the National Academy of Sciences},
  volume={111},
  number={28},
  pages={10341--10346},
  year={2014},
  publisher={National Acad Sciences}
}

@article{thompson2014quasi,
  title={Quasi-periodic patterns (QPP): large-scale dynamics in resting state fMRI that correlate with local infraslow electrical activity},
  author={Thompson, Garth John and Pan, Wen-Ju and Magnuson, Matthew Evan and Jaeger, Dieter and Keilholz, Shella Dawn},
  journal={Neuroimage},
  volume={84},
  pages={1018--1031},
  year={2014},
  publisher={Elsevier}
}

@article{greene2023everyone,
  title={Why is everyone talking about brain state?},
  author={Greene, Abigail S and Horien, Corey and Barson, Daniel and Scheinost, Dustin and Constable, R Todd},
  journal={Trends in Neurosciences},
  year={2023},
  publisher={Elsevier}
}

@article{vidaurre2017brain,
  title={Brain network dynamics are hierarchically organized in time},
  author={Vidaurre, Diego and Smith, Stephen M and Woolrich, Mark W},
  journal={Proceedings of the National Academy of Sciences},
  volume={114},
  number={48},
  pages={12827--12832},
  year={2017},
  publisher={National Acad Sciences}
}

@article{liu2013time,
  title={Time-varying functional network information extracted from brief instances of spontaneous brain activity},
  author={Liu, Xiao and Duyn, Jeff H},
  journal={Proceedings of the National Academy of Sciences},
  volume={110},
  number={11},
  pages={4392--4397},
  year={2013},
  publisher={National Acad Sciences}
}

@article{richiardi2011decoding,
  title={Decoding brain states from fMRI connectivity graphs},
  author={Richiardi, Jonas and Eryilmaz, Hamdi and Schwartz, Sophie and Vuilleumier, Patrik and Van De Ville, Dimitri},
  journal={Neuroimage},
  volume={56},
  number={2},
  pages={616--626},
  year={2011},
  publisher={Elsevier}
}

@article{smith2012temporally,
  title={Temporally-independent functional modes of spontaneous brain activity},
  author={Smith, Stephen M and Miller, Karla L and Moeller, Steen and Xu, Junqian and Auerbach, Edward J and Woolrich, Mark W and Beckmann, Christian F and Jenkinson, Mark and Andersson, Jesper and Glasser, Matthew F and others},
  journal={Proceedings of the National Academy of Sciences},
  volume={109},
  number={8},
  pages={3131--3136},
  year={2012},
  publisher={National Acad Sciences}
}

@article{chen2018human,
  title={The human brain traverses a common activation-pattern state space across task and rest},
  author={Chen, Richard H and Ito, Takuya and Kulkarni, Kaustubh R and Cole, Michael W},
  journal={Brain Connectivity},
  volume={8},
  number={7},
  pages={429--443},
  year={2018},
  publisher={Mary Ann Liebert, Inc., publishers 140 Huguenot Street, 3rd Floor New~…}
}

@article{hutchison2013dynamic,
  title={Dynamic functional connectivity: promise, issues, and interpretations},
  author={Hutchison, R Matthew and Womelsdorf, Thilo and Allen, Elena A and Bandettini, Peter A and Calhoun, Vince D and Corbetta, Maurizio and Della Penna, Stefania and Duyn, Jeff H and Glover, Gary H and Gonzalez-Castillo, Javier and others},
  journal={Neuroimage},
  volume={80},
  pages={360--378},
  year={2013},
  publisher={Elsevier}
}

@article{barttfeld2015signature,
  title={Signature of consciousness in the dynamics of resting-state brain activity},
  author={Barttfeld, Pablo and Uhrig, Lynn and Sitt, Jacobo D and Sigman, Mariano and Jarraya, B{\'e}chir and Dehaene, Stanislas},
  journal={Proceedings of the National Academy of Sciences},
  volume={112},
  number={3},
  pages={887--892},
  year={2015},
  publisher={National Acad Sciences}
}

@article{meer2020movie,
  title={Movie viewing elicits rich and reliable brain state dynamics},
  author={Meer, Johan N van der and Breakspear, Michael and Chang, Luke J and Sonkusare, Saurabh and Cocchi, Luca},
  journal={Nature communications},
  volume={11},
  number={1},
  pages={5004},
  year={2020},
  publisher={Nature Publishing Group UK London}
}

@article{chen2015introducing,
  title={Introducing co-activation pattern metrics to quantify spontaneous brain network dynamics},
  author={Chen, Jingyuan E and Chang, Catie and Greicius, Michael D and Glover, Gary H},
  journal={Neuroimage},
  volume={111},
  pages={476--488},
  year={2015},
  publisher={Elsevier}
}

@article{liu2013decomposition,
  title={Decomposition of spontaneous brain activity into distinct fMRI co-activation patterns},
  author={Liu, Xiao and Chang, Catie and Duyn, Jeff H},
  journal={Frontiers in systems neuroscience},
  volume={7},
  pages={62295},
  year={2013},
  publisher={Frontiers}
}

@article{breakspear2017dynamic,
  title={Dynamic models of large-scale brain activity},
  author={Breakspear, Michael},
  journal={Nature neuroscience},
  volume={20},
  number={3},
  pages={340--352},
  year={2017},
  publisher={Nature Publishing Group US New York}
}

@article{kriegeskorte2018cognitive,
  title={Cognitive computational neuroscience},
  author={Kriegeskorte, Nikolaus and Douglas, Pamela K},
  journal={Nature neuroscience},
  volume={21},
  number={9},
  pages={1148--1160},
  year={2018},
  publisher={Nature Publishing Group US New York}
}

@article{heinz2019towards,
  title={Towards a unifying cognitive, neurophysiological, and computational neuroscience account of schizophrenia},
  author={Heinz, Andreas and Murray, Graham K and Schlagenhauf, Florian and Sterzer, Philipp and Grace, Anthony A and Waltz, James A},
  journal={Schizophrenia bulletin},
  volume={45},
  number={5},
  pages={1092--1100},
  year={2019},
  publisher={Oxford University Press US}
}

@article{doerig2023neuroconnectionist,
  title={The neuroconnectionist research programme},
  author={Doerig, Adrien and Sommers, Rowan P and Seeliger, Katja and Richards, Blake and Ismael, Jenann and Lindsay, Grace W and Kording, Konrad P and Konkle, Talia and Van Gerven, Marcel AJ and Kriegeskorte, Nikolaus and others},
  journal={Nature Reviews Neuroscience},
  pages={1--20},
  year={2023},
  publisher={Nature Publishing Group UK London}
}

@article{richards2019deep,
  title={A deep learning framework for neuroscience},
  author={Richards, Blake A and Lillicrap, Timothy P and Beaudoin, Philippe and Bengio, Yoshua and Bogacz, Rafal and Christensen, Amelia and Clopath, Claudia and Costa, Rui Ponte and de Berker, Archy and Ganguli, Surya and others},
  journal={Nature neuroscience},
  volume={22},
  number={11},
  pages={1761--1770},
  year={2019},
  publisher={Nature Publishing Group US New York}
}

@article{cole2016activity,
  title={Activity flow over resting-state networks shapes cognitive task activations},
  author={Cole, Michael W and Ito, Takuya and Bassett, Danielle S and Schultz, Douglas H},
  journal={Nature neuroscience},
  volume={19},
  number={12},
  pages={1718--1726},
  year={2016},
  publisher={Nature Publishing Group US New York}
}

@article{ito2017cognitive,
  title={Cognitive task information is transferred between brain regions via resting-state network topology},
  author={Ito, Takuya and Kulkarni, Kaustubh R and Schultz, Douglas H and Mill, Ravi D and Chen, Richard H and Solomyak, Levi I and Cole, Michael W},
  journal={Nature communications},
  volume={8},
  number={1},
  pages={1027},
  year={2017},
  publisher={Nature Publishing Group UK London}
}

@article{hopfield1982neural,
  title={Neural networks and physical systems with emergent collective computational abilities.},
  author={Hopfield, John J},
  journal={Proceedings of the national academy of sciences},
  volume={79},
  number={8},
  pages={2554--2558},
  year={1982},
  publisher={National Acad Sciences}
}

@article{krotov2023new,
  title={A new frontier for Hopfield networks},
  author={Krotov, Dmitry},
  journal={Nature Reviews Physics},
  pages={1--2},
  year={2023},
  publisher={Nature Publishing Group UK London}
}

@article{koiran1994dynamics,
  title={Dynamics of discrete time, continuous state Hopfield networks},
  author={Koiran, Pascal},
  journal={Neural Computation},
  volume={6},
  number={3},
  pages={459--468},
  year={1994},
  publisher={MIT Press One Rogers Street, Cambridge, MA 02142-1209, USA journals-info~…}
}

@article{robinson2005multiscale,
  title={Multiscale brain modelling},
  author={Robinson, Peter A and Rennie, CJ and Rowe, Donald L and O'Connor, SC and Gordon, and E},
  journal={Philosophical Transactions of the Royal Society B: Biological Sciences},
  volume={360},
  number={1457},
  pages={1043--1050},
  year={2005},
  publisher={The Royal Society London}
}

@article{daunizeau2012stochastic,
  title={Stochastic dynamic causal modelling of fMRI data: should we care about neural noise?},
  author={Daunizeau, Jean and Stephan, Klaas Enno and Friston, Karl J},
  journal={Neuroimage},
  volume={62},
  number={1},
  pages={464--481},
  year={2012},
  publisher={Elsevier}
}

@article{golland2008data,
  title={Data-driven clustering reveals a fundamental subdivision of the human cortex into two global systems},
  author={Golland, Yulia and Golland, Polina and Bentin, Shlomo and Malach, Rafael},
  journal={Neuropsychologia},
  volume={46},
  number={2},
  pages={540--553},
  year={2008},
  publisher={Elsevier}
}

@article{cioli2014differences,
  title={Differences in human cortical gene expression match the temporal properties of large-scale functional networks},
  author={Cioli, Claudia and Abdi, Herv{\'e} and Beaton, Derek and Burnod, Yves and Mesmoudi, Salma},
  journal={PloS one},
  volume={9},
  number={12},
  pages={e115913},
  year={2014},
  publisher={Public Library of Science San Francisco, USA}
}

@article{fuster2004upper,
  title={Upper processing stages of the perception--action cycle},
  author={Fuster, Joaqu{\i}n M},
  journal={Trends in cognitive sciences},
  volume={8},
  number={4},
  pages={143--145},
  year={2004},
  publisher={Elsevier}
}

@article{woo2015distinct,
  title={Distinct brain systems mediate the effects of nociceptive input and self-regulation on pain},
  author={Woo, Choong-Wan and Roy, Mathieu and Buhle, Jason T and Wager, Tor D},
  journal={PLoS biology},
  volume={13},
  number={1},
  pages={e1002036},
  year={2015},
  publisher={Public Library of Science San Francisco, USA}
}

@article{zunhammer2021meta,
  title={Meta-analysis of neural systems underlying placebo analgesia from individual participant fMRI data},
  author={Zunhammer, Matthias and Spis{\'a}k, Tam{\'a}s and Wager, Tor D and Bingel, Ulrike},
  journal={Nature communications},
  volume={12},
  number={1},
  pages={1391},
  year={2021},
  publisher={Nature Publishing Group UK London}
}

@article{di2014autism,
  title={The autism brain imaging data exchange: towards a large-scale evaluation of the intrinsic brain architecture in autism},
  author={Di Martino, Adriana and Yan, Chao-Gan and Li, Qingyang and Denio, Erin and Castellanos, Francisco X and Alaerts, Kaat and Anderson, Jeffrey S and Assaf, Michal and Bookheimer, Susan Y and Dapretto, Mirella and others},
  journal={Molecular psychiatry},
  volume={19},
  number={6},
  pages={659--667},
  year={2014},
  publisher={Nature Publishing Group}
}

@article{aine2017multimodal,
  title={Multimodal neuroimaging in schizophrenia: description and dissemination},
  author={Aine, CJ and Bockholt, Henry Jeremy and Bustillo, Juan R and Ca{\~n}ive, Jos{\'e} M and Caprihan, Arvind and Gasparovic, Charles and Hanlon, Faith M and Houck, Jon M and Jung, Rex E and Lauriello, John and others},
  journal={Neuroinformatics},
  volume={15},
  pages={343--364},
  year={2017},
  publisher={Springer}
}

@article{petersen2010alzheimer,
  title={Alzheimer's disease neuroimaging initiative (ADNI): clinical characterization},
  author={Petersen, Ronald Carl and Aisen, Paul S and Beckett, Laurel A and Donohue, Michael C and Gamst, Anthony Collins and Harvey, Danielle J and Jack, Clifford R and Jagust, William J and Shaw, Leslie M and Toga, Arthur W and others},
  journal={Neurology},
  volume={74},
  number={3},
  pages={201--209},
  year={2010},
  publisher={AAN Enterprises}
}

@article{mill2022network,
  title={Network modeling of dynamic brain interactions predicts emergence of neural information that supports human cognitive behavior},
  author={Mill, Ravi D and Hamilton, Julia L and Winfield, Emily C and Lalta, Nicole and Chen, Richard H and Cole, Michael W},
  journal={PLoS Biology},
  volume={20},
  number={8},
  pages={e3001686},
  year={2022},
  publisher={Public Library of Science San Francisco, CA USA}
}

@article{hearne2021activity,
  title={Activity flow underlying abnormalities in brain activations and cognition in schizophrenia},
  author={Hearne, Luke J and Mill, Ravi D and Keane, Brian P and Repov{\v{s}}, Grega and Anticevic, Alan and Cole, Michael W},
  journal={Science advances},
  volume={7},
  number={29},
  pages={eabf2513},
  year={2021},
  publisher={American Association for the Advancement of Science}
}

@article{hertz1991introduction,
  title={Introduction to the Theory of Neural Computation, chapter 7},
  author={Hertz, John and Krogh, Andres and Palmer, Richard G},
  journal={Lecture Notes},
  volume={1},
  year={1991}
}

@article{khona2022attractor,
  title={Attractor and integrator networks in the brain},
  author={Khona, Mikail and Fiete, Ila R},
  journal={Nature Reviews Neuroscience},
  volume={23},
  number={12},
  pages={744--766},
  year={2022},
  publisher={Nature Publishing Group UK London}
}

@article{cabral2017functional,
  title={Functional connectivity dynamically evolves on multiple time-scales over a static structural connectome: Models and mechanisms},
  author={Cabral, Joana and Kringelbach, Morten L and Deco, Gustavo},
  journal={NeuroImage},
  volume={160},
  pages={84--96},
  year={2017},
  publisher={Elsevier}
}

@article{bellec2010multi,
  title={Multi-level bootstrap analysis of stable clusters in resting-state fMRI},
  author={Bellec, Pierre and Rosa-Neto, Pedro and Lyttelton, Oliver C and Benali, Habib and Evans, Alan C},
  journal={Neuroimage},
  volume={51},
  number={3},
  pages={1126--1139},
  year={2010},
  publisher={Elsevier}
}

@article{Spisak_2020,
	doi = {10.1038/s41467-019-13785-z},
	url = {https://doi.org/10.1038%2Fs41467-019-13785-z},
	year = 2020,
	month = {jan},
	publisher = {Springer Science and Business Media {LLC}},
	volume = {11},
	number = {1},
	author = {Tamas Spisak and Balint Kincses and Frederik Schlitt and Matthias Zunhammer and Tobias Schmidt-Wilcke and Zsigmond T. Kincses and Ulrike Bingel},
	title = {Pain-free resting-state functional brain connectivity predicts individual pain sensitivity},
	journal = {Nature Communications}
}
@article{Woo_2015,
	doi = {10.1371/journal.pbio.1002036},
	url = {https://doi.org/10.1371%2Fjournal.pbio.1002036},
	year = 2015,
	month = {jan},
	publisher = {Public Library of Science ({PLoS})},
	volume = {13},
	number = {1},
	pages = {e1002036},
	author = {Choong-Wan Woo and Mathieu Roy and Jason T. Buhle and Tor D. Wager},
	editor = {Michael Posner},
	title = {Distinct Brain Systems Mediate the Effects of Nociceptive Input and Self-Regulation on Pain},
	journal = {{PLoS} Biology}
}
@article{Tor_D__2011,
	doi = {10.3389/conf.fninf.2011.08.00058},
	url = {https://doi.org/10.3389%2Fconf.fninf.2011.08.00058},
	year = 2011,
	publisher = {Frontiers Media {SA}},
	volume = {5},
	author = {Wager Tor D.},
	title = {{NeuroSynth}: a new platform for large-scale automated synthesis of human functional neuroimaging data},
	journal = {Frontiers in Neuroinformatics}
}
@article{McCormick_2022,
	doi = {10.1162/netn_a_00234},
	url = {https://doi.org/10.1162%2Fnetn_a_00234},
	year = 2022,
	publisher = {{MIT} Press - Journals},
	volume = {6},
	number = {2},
	pages = {570--590},
	author = {Ethan M. McCormick and Katelyn L. Arnemann and Takuya Ito and Stephen Jos{\'{e}} Hanson and Michael W. Cole},
	title = {Latent functional connectivity underlying multiple brain states},
	journal = {Network Neuroscience}
}