@article{Thompson_2014,
	doi = {10.1016/j.neuroimage.2013.09.029},
	url = {https://doi.org/10.1016%2Fj.neuroimage.2013.09.029},
	year = 2014,
	month = {jan},
	publisher = {Elsevier {BV}},
	volume = {84},
	pages = {1018--1031},
	author = {Garth John Thompson and Wen-Ju Pan and Matthew Evan Magnuson and Dieter Jaeger and Shella Dawn Keilholz},
	title = {Quasi-periodic patterns ({QPP}): Large-scale dynamics in resting state {fMRI} that correlate with local infraslow electrical activity},
	journal = {{NeuroImage}}
}
@article{Vidaurre_2017,
	doi = {10.1073/pnas.1705120114},
	url = {https://doi.org/10.1073%2Fpnas.1705120114},
	year = 2017,
	month = {oct},
	publisher = {Proceedings of the National Academy of Sciences},
	volume = {114},
	number = {48},
	pages = {12827--12832},
	author = {Diego Vidaurre and Stephen M. Smith and Mark W. Woolrich},
	title = {Brain network dynamics are hierarchically organized in time},
	journal = {Proceedings of the National Academy of Sciences}
}
@article{Bassett_2017,
	doi = {10.1038/nn.4502},
	url = {https://doi.org/10.1038%2Fnn.4502},
	year = 2017,
	month = {feb},
	publisher = {Springer Science and Business Media {LLC}},
	volume = {20},
	number = {3},
	pages = {353--364},
	author = {Danielle S Bassett and Olaf Sporns},
	title = {Network neuroscience},
	journal = {Nature Neuroscience}
}
@article{Chen_2018,
	doi = {10.1089/brain.2018.0586},
	url = {https://doi.org/10.1089%2Fbrain.2018.0586},
	year = 2018,
	month = {sep},
	publisher = {Mary Ann Liebert Inc},
	volume = {8},
	number = {7},
	pages = {429--443},
	author = {Richard H. Chen and Takuya Ito and Kaustubh R. Kulkarni and Michael W. Cole},
	title = {The Human Brain Traverses a Common Activation-Pattern State Space Across Task and Rest},
	journal = {Brain Connectivity}
}
@article{Gutierrez_Barragan_2019,
	doi = {10.1016/j.cub.2019.06.017},
	url = {https://doi.org/10.1016%2Fj.cub.2019.06.017},
	year = 2019,
	month = {jul},
	publisher = {Elsevier {BV}},
	volume = {29},
	number = {14},
	pages = {2295--2306.e5},
	author = {Daniel Gutierrez-Barragan and M. Albert Basson and Stefano Panzeri and Alessandro Gozzi},
	title = {Infraslow State Fluctuations Govern Spontaneous {fMRI} Network Dynamics},
	journal = {Current Biology}
}
@article{Meer_2020,
	doi = {10.1038/s41467-020-18717-w},
	url = {https://doi.org/10.1038%2Fs41467-020-18717-w},
	year = 2020,
	month = {oct},
	publisher = {Springer Science and Business Media {LLC}},
	volume = {11},
	number = {1},
	author = {Johan N. van der Meer and Michael Breakspear and Luke J. Chang and Saurabh Sonkusare and Luca Cocchi},
	title = {Movie viewing elicits rich and reliable brain state dynamics},
	journal = {Nature Communications}
}
@article{Liu_2013,
	doi = {10.1073/pnas.1216856110},
	url = {https://doi.org/10.1073%2Fpnas.1216856110},
	year = 2013,
	month = {feb},
	publisher = {Proceedings of the National Academy of Sciences},
	volume = {110},
	number = {11},
	pages = {4392--4397},
	author = {Xiao Liu and Jeff H. Duyn},
	title = {Time-varying functional network information extracted from brief instances of spontaneous brain activity},
	journal = {Proceedings of the National Academy of Sciences}
}
@article{Kriegeskorte_2018,
	doi = {10.1038/s41593-018-0210-5},
	url = {https://doi.org/10.1038%2Fs41593-018-0210-5},
	year = 2018,
	month = {aug},
	publisher = {Springer Science and Business Media {LLC}},
	volume = {21},
	number = {9},
	pages = {1148--1160},
	author = {Nikolaus Kriegeskorte and Pamela K. Douglas},
	title = {Cognitive computational neuroscience},
	journal = {Nature Neuroscience}
}