@article{Gutierrez_Barragan_2019,
	doi = {10.1016/j.cub.2019.06.017},
	url = {https://doi.org/10.1016%2Fj.cub.2019.06.017},
	year = 2019,
	month = {jul},
	publisher = {Elsevier {BV}},
	volume = {29},
	number = {14},
	pages = {2295--2306.e5},
	author = {Daniel Gutierrez-Barragan and M. Albert Basson and Stefano Panzeri and Alessandro Gozzi},
	title = {Infraslow State Fluctuations Govern Spontaneous {fMRI} Network Dynamics},
	journal = {Current Biology}
}
@article{Breakspear_2017,
	doi = {10.1038/nn.4497},
	url = {https://doi.org/10.1038%2Fnn.4497},
	year = 2017,
	month = {feb},
	publisher = {Springer Science and Business Media {LLC}},
	volume = {20},
	number = {3},
	pages = {340--352},
	author = {Michael Breakspear},
	title = {Dynamic models of large-scale brain activity},
	journal = {Nature Neuroscience}
}
@article{Kriegeskorte_2018,
	doi = {10.1038/s41593-018-0210-5},
	url = {https://doi.org/10.1038%2Fs41593-018-0210-5},
	year = 2018,
	month = {aug},
	publisher = {Springer Science and Business Media {LLC}},
	volume = {21},
	number = {9},
	pages = {1148--1160},
	author = {Nikolaus Kriegeskorte and Pamela K. Douglas},
	title = {Cognitive computational neuroscience},
	journal = {Nature Neuroscience}
}
@article{Hopfield_1982,
	doi = {10.1073/pnas.79.8.2554},
	url = {https://doi.org/10.1073%2Fpnas.79.8.2554},
	year = 1982,
	month = {apr},
	publisher = {Proceedings of the National Academy of Sciences},
	volume = {79},
	number = {8},
	pages = {2554--2558},
	author = {J J Hopfield},
	title = {Neural networks and physical systems with emergent collective computational abilities.},
	journal = {Proceedings of the National Academy of Sciences}
}
@article{Doerig_2023,
	doi = {10.1038/s41583-023-00705-w},
	url = {https://doi.org/10.1038%2Fs41583-023-00705-w},
	year = 2023,
	month = {may},
	publisher = {Springer Science and Business Media {LLC}},
	volume = {24},
	number = {7},
	pages = {431--450},
	author = {Adrien Doerig and Rowan P. Sommers and Katja Seeliger and Blake Richards and Jenann Ismael and Grace W. Lindsay and Konrad P. Kording and Talia Konkle and Marcel A. J. van Gerven and Nikolaus Kriegeskorte and Tim C. Kietzmann},
	title = {The neuroconnectionist research programme},
	journal = {Nature Reviews Neuroscience}
}
@article{Cole_2016,
	doi = {10.1038/nn.4406},
	url = {https://doi.org/10.1038%2Fnn.4406},
	year = 2016,
	month = {oct},
	publisher = {Springer Science and Business Media {LLC}},
	volume = {19},
	number = {12},
	pages = {1718--1726},
	author = {Michael W Cole and Takuya Ito and Danielle S Bassett and Douglas H Schultz},
	title = {Activity flow over resting-state networks shapes cognitive task activations},
	journal = {Nature Neuroscience}
}
@article{Heinz_2018,
	doi = {10.1093/schbul/sby154},
	url = {https://doi.org/10.1093%2Fschbul%2Fsby154},
	year = 2018,
	month = {nov},
	publisher = {Oxford University Press ({OUP})},
	volume = {45},
	number = {5},
	pages = {1092--1100},
	author = {Andreas Heinz and Graham K Murray and Florian Schlagenhauf and Philipp Sterzer and Anthony A Grace and James A Waltz},
	title = {Towards a Unifying Cognitive, Neurophysiological, and Computational Neuroscience Account of Schizophrenia},
	journal = {Schizophrenia Bulletin}
}
@article{Koiran_1994,
	doi = {10.1162/neco.1994.6.3.459},
	url = {https://doi.org/10.1162%2Fneco.1994.6.3.459},
	year = 1994,
	month = {may},
	publisher = {{MIT} Press - Journals},
	volume = {6},
	number = {3},
	pages = {459--468},
	author = {Pascal Koiran},
	title = {Dynamics of Discrete Time, Continuous State Hopfield Networks},
	journal = {Neural Computation}
}