@article{Vidaurre_2017,
	doi = {10.1073/pnas.1705120114},
	url = {https://doi.org/10.1073%2Fpnas.1705120114},
	year = 2017,
	month = {oct},
	publisher = {Proceedings of the National Academy of Sciences},
	volume = {114},
	number = {48},
	pages = {12827--12832},
	author = {Diego Vidaurre and Stephen M. Smith and Mark W. Woolrich},
	title = {Brain network dynamics are hierarchically organized in time},
	journal = {Proceedings of the National Academy of Sciences}
}
@article{Zalesky_2014,
	doi = {10.1073/pnas.1400181111},
	url = {https://doi.org/10.1073%2Fpnas.1400181111},
	year = 2014,
	month = {jun},
	publisher = {Proceedings of the National Academy of Sciences},
	volume = {111},
	number = {28},
	pages = {10341--10346},
	author = {Andrew Zalesky and Alex Fornito and Luca Cocchi and Leonardo L. Gollo and Michael Breakspear},
	title = {Time-resolved resting-state brain networks},
	journal = {Proceedings of the National Academy of Sciences}
}
@article{Richiardi_2011,
	doi = {10.1016/j.neuroimage.2010.05.081},
	url = {https://doi.org/10.1016%2Fj.neuroimage.2010.05.081},
	year = 2011,
	month = {may},
	publisher = {Elsevier {BV}},
	volume = {56},
	number = {2},
	pages = {616--626},
	author = {Jonas Richiardi and Hamdi Eryilmaz and Sophie Schwartz and Patrik Vuilleumier and Dimitri Van De Ville},
	title = {Decoding brain states from {fMRI} connectivity graphs},
	journal = {{NeuroImage}}
}
@article{Bassett_2017,
	doi = {10.1038/nn.4502},
	url = {https://doi.org/10.1038%2Fnn.4502},
	year = 2017,
	month = {feb},
	publisher = {Springer Science and Business Media {LLC}},
	volume = {20},
	number = {3},
	pages = {353--364},
	author = {Danielle S Bassett and Olaf Sporns},
	title = {Network neuroscience},
	journal = {Nature Neuroscience}
}
@article{Thompson_2014,
	doi = {10.1016/j.neuroimage.2013.09.029},
	url = {https://doi.org/10.1016%2Fj.neuroimage.2013.09.029},
	year = 2014,
	month = {jan},
	publisher = {Elsevier {BV}},
	volume = {84},
	pages = {1018--1031},
	author = {Garth John Thompson and Wen-Ju Pan and Matthew Evan Magnuson and Dieter Jaeger and Shella Dawn Keilholz},
	title = {Quasi-periodic patterns ({QPP}): Large-scale dynamics in resting state {fMRI} that correlate with local infraslow electrical activity},
	journal = {{NeuroImage}}
}
@article{Breakspear_2017,
	doi = {10.1038/nn.4497},
	url = {https://doi.org/10.1038%2Fnn.4497},
	year = 2017,
	month = {feb},
	publisher = {Springer Science and Business Media {LLC}},
	volume = {20},
	number = {3},
	pages = {340--352},
	author = {Michael Breakspear},
	title = {Dynamic models of large-scale brain activity},
	journal = {Nature Neuroscience}
}
@article{Liu_2013,
	doi = {10.1073/pnas.1216856110},
	url = {https://doi.org/10.1073%2Fpnas.1216856110},
	year = 2013,
	month = {feb},
	publisher = {Proceedings of the National Academy of Sciences},
	volume = {110},
	number = {11},
	pages = {4392--4397},
	author = {Xiao Liu and Jeff H. Duyn},
	title = {Time-varying functional network information extracted from brief instances of spontaneous brain activity},
	journal = {Proceedings of the National Academy of Sciences}
}