@article{Cole_2016,
	doi = {10.1038/nn.4406},
	url = {https://doi.org/10.1038%2Fnn.4406},
	year = 2016,
	month = {oct},
	publisher = {Springer Science and Business Media {LLC}},
	volume = {19},
	number = {12},
	pages = {1718--1726},
	author = {Michael W Cole and Takuya Ito and Danielle S Bassett and Douglas H Schultz},
	title = {Activity flow over resting-state networks shapes cognitive task activations},
	journal = {Nature Neuroscience}
}
@article{Golland_2008,
	doi = {10.1016/j.neuropsychologia.2007.10.003},
	url = {https://doi.org/10.1016%2Fj.neuropsychologia.2007.10.003},
	year = 2008,
	publisher = {Elsevier {BV}},
	volume = {46},
	number = {2},
	pages = {540--553},
	author = {Yulia Golland and Polina Golland and Shlomo Bentin and Rafael Malach},
	title = {Data-driven clustering reveals a fundamental subdivision of the human cortex into two global systems},
	journal = {Neuropsychologia}
}