@article{Kriegeskorte_2018,
	doi = {10.1038/s41593-018-0210-5},
	url = {https://doi.org/10.1038%2Fs41593-018-0210-5},
	year = 2018,
	month = {aug},
	publisher = {Springer Science and Business Media {LLC}},
	volume = {21},
	number = {9},
	pages = {1148--1160},
	author = {Nikolaus Kriegeskorte and Pamela K. Douglas},
	title = {Cognitive computational neuroscience},
	journal = {Nature Neuroscience}
}
@article{Richards_2019,
	doi = {10.1038/s41593-019-0520-2},
	url = {https://doi.org/10.1038%2Fs41593-019-0520-2},
	year = 2019,
	month = {oct},
	publisher = {Springer Science and Business Media {LLC}},
	volume = {22},
	number = {11},
	pages = {1761--1770},
	author = {Blake A. Richards and Timothy P. Lillicrap and Philippe Beaudoin and Yoshua Bengio and Rafal Bogacz and Amelia Christensen and Claudia Clopath and Rui Ponte Costa and Archy de Berker and Surya Ganguli and Colleen J. Gillon and Danijar Hafner and Adam Kepecs and Nikolaus Kriegeskorte and Peter Latham and Grace W. Lindsay and Kenneth D. Miller and Richard Naud and Christopher C. Pack and Panayiota Poirazi and Pieter Roelfsema and Jo{\~{a}}o Sacramento and Andrew Saxe and Benjamin Scellier and Anna C. Schapiro and Walter Senn and Greg Wayne and Daniel Yamins and Friedemann Zenke and Joel Zylberberg and Denis Therien and Konrad P. Kording},
	title = {A deep learning framework for neuroscience},
	journal = {Nature Neuroscience}
}
@article{Daunizeau_2012,
	doi = {10.1016/j.neuroimage.2012.04.061},
	url = {https://doi.org/10.1016%2Fj.neuroimage.2012.04.061},
	year = 2012,
	month = {aug},
	publisher = {Elsevier {BV}},
	volume = {62},
	number = {1},
	pages = {464--481},
	author = {J. Daunizeau and K.E. Stephan and K.J. Friston},
	title = {Stochastic dynamic causal modelling of {fMRI} data: Should we care about neural noise?},
	journal = {{NeuroImage}}
}
@article{Liu_2013,
	doi = {10.1073/pnas.1216856110},
	url = {https://doi.org/10.1073%2Fpnas.1216856110},
	year = 2013,
	month = {feb},
	publisher = {Proceedings of the National Academy of Sciences},
	volume = {110},
	number = {11},
	pages = {4392--4397},
	author = {Xiao Liu and Jeff H. Duyn},
	title = {Time-varying functional network information extracted from brief instances of spontaneous brain activity},
	journal = {Proceedings of the National Academy of Sciences}
}
@article{Doerig_2023,
	doi = {10.1038/s41583-023-00705-w},
	url = {https://doi.org/10.1038%2Fs41583-023-00705-w},
	year = 2023,
	month = {may},
	publisher = {Springer Science and Business Media {LLC}},
	volume = {24},
	number = {7},
	pages = {431--450},
	author = {Adrien Doerig and Rowan P. Sommers and Katja Seeliger and Blake Richards and Jenann Ismael and Grace W. Lindsay and Konrad P. Kording and Talia Konkle and Marcel A. J. van Gerven and Nikolaus Kriegeskorte and Tim C. Kietzmann},
	title = {The neuroconnectionist research programme},
	journal = {Nature Reviews Neuroscience}
}
@article{Meer_2020,
	doi = {10.1038/s41467-020-18717-w},
	url = {https://doi.org/10.1038%2Fs41467-020-18717-w},
	year = 2020,
	month = {oct},
	publisher = {Springer Science and Business Media {LLC}},
	volume = {11},
	number = {1},
	author = {Johan N. van der Meer and Michael Breakspear and Luke J. Chang and Saurabh Sonkusare and Luca Cocchi},
	title = {Movie viewing elicits rich and reliable brain state dynamics},
	journal = {Nature Communications}
}
@article{Vidaurre_2017,
	doi = {10.1073/pnas.1705120114},
	url = {https://doi.org/10.1073%2Fpnas.1705120114},
	year = 2017,
	month = {oct},
	publisher = {Proceedings of the National Academy of Sciences},
	volume = {114},
	number = {48},
	pages = {12827--12832},
	author = {Diego Vidaurre and Stephen M. Smith and Mark W. Woolrich},
	title = {Brain network dynamics are hierarchically organized in time},
	journal = {Proceedings of the National Academy of Sciences}
}
@article{Zalesky_2014,
	doi = {10.1073/pnas.1400181111},
	url = {https://doi.org/10.1073%2Fpnas.1400181111},
	year = 2014,
	month = {jun},
	publisher = {Proceedings of the National Academy of Sciences},
	volume = {111},
	number = {28},
	pages = {10341--10346},
	author = {Andrew Zalesky and Alex Fornito and Luca Cocchi and Leonardo L. Gollo and Michael Breakspear},
	title = {Time-resolved resting-state brain networks},
	journal = {Proceedings of the National Academy of Sciences}
}
@article{Koiran_1994,
	doi = {10.1162/neco.1994.6.3.459},
	url = {https://doi.org/10.1162%2Fneco.1994.6.3.459},
	year = 1994,
	month = {may},
	publisher = {{MIT} Press - Journals},
	volume = {6},
	number = {3},
	pages = {459--468},
	author = {Pascal Koiran},
	title = {Dynamics of Discrete Time, Continuous State Hopfield Networks},
	journal = {Neural Computation}
}
@article{Hutchison_2013,
	doi = {10.1016/j.neuroimage.2013.05.079},
	url = {https://doi.org/10.1016%2Fj.neuroimage.2013.05.079},
	year = 2013,
	month = {oct},
	publisher = {Elsevier {BV}},
	volume = {80},
	pages = {360--378},
	author = {R. Matthew Hutchison and Thilo Womelsdorf and Elena A. Allen and Peter A. Bandettini and Vince D. Calhoun and Maurizio Corbetta and Stefania Della Penna and Jeff H. Duyn and Gary H. Glover and Javier Gonzalez-Castillo and Daniel A. Handwerker and Shella Keilholz and Vesa Kiviniemi and David A. Leopold and Francesco de Pasquale and Olaf Sporns and Martin Walter and Catie Chang},
	title = {Dynamic functional connectivity: Promise, issues, and interpretations},
	journal = {{NeuroImage}}
}
@article{Smith_2012,
	doi = {10.1073/pnas.1121329109},
	url = {https://doi.org/10.1073%2Fpnas.1121329109},
	year = 2012,
	month = {feb},
	publisher = {Proceedings of the National Academy of Sciences},
	volume = {109},
	number = {8},
	pages = {3131--3136},
	author = {Stephen M. Smith and Karla L. Miller and Steen Moeller and Junqian Xu and Edward J. Auerbach and Mark W. Woolrich and Christian F. Beckmann and Mark Jenkinson and Jesper Andersson and Matthew F. Glasser and David C. Van Essen and David A. Feinberg and Essa S. Yacoub and Kamil Ugurbil},
	title = {Temporally-independent functional modes of spontaneous brain activity},
	journal = {Proceedings of the National Academy of Sciences}
}
@article{Breakspear_2017,
	doi = {10.1038/nn.4497},
	url = {https://doi.org/10.1038%2Fnn.4497},
	year = 2017,
	month = {feb},
	publisher = {Springer Science and Business Media {LLC}},
	volume = {20},
	number = {3},
	pages = {340--352},
	author = {Michael Breakspear},
	title = {Dynamic models of large-scale brain activity},
	journal = {Nature Neuroscience}
}
@article{Cioli_2014,
	doi = {10.1371/journal.pone.0115913},
	url = {https://doi.org/10.1371%2Fjournal.pone.0115913},
	year = 2014,
	month = {dec},
	publisher = {Public Library of Science ({PLoS})},
	volume = {9},
	number = {12},
	pages = {e115913},
	author = {Claudia Cioli and Herv{\'{e}} Abdi and Derek Beaton and Yves Burnod and Salma Mesmoudi},
	editor = {Alexander G. Obukhov},
	title = {Differences in Human Cortical Gene Expression Match the Temporal Properties of Large-Scale Functional Networks},
	journal = {{PLoS} {ONE}}
}
@article{Gutierrez_Barragan_2019,
	doi = {10.1016/j.cub.2019.06.017},
	url = {https://doi.org/10.1016%2Fj.cub.2019.06.017},
	year = 2019,
	month = {jul},
	publisher = {Elsevier {BV}},
	volume = {29},
	number = {14},
	pages = {2295--2306.e5},
	author = {Daniel Gutierrez-Barragan and M. Albert Basson and Stefano Panzeri and Alessandro Gozzi},
	title = {Infraslow State Fluctuations Govern Spontaneous {fMRI} Network Dynamics},
	journal = {Current Biology}
}
@article{Richiardi_2011,
	doi = {10.1016/j.neuroimage.2010.05.081},
	url = {https://doi.org/10.1016%2Fj.neuroimage.2010.05.081},
	year = 2011,
	month = {may},
	publisher = {Elsevier {BV}},
	volume = {56},
	number = {2},
	pages = {616--626},
	author = {Jonas Richiardi and Hamdi Eryilmaz and Sophie Schwartz and Patrik Vuilleumier and Dimitri Van De Ville},
	title = {Decoding brain states from {fMRI} connectivity graphs},
	journal = {{NeuroImage}}
}
@article{Bassett_2017,
	doi = {10.1038/nn.4502},
	url = {https://doi.org/10.1038%2Fnn.4502},
	year = 2017,
	month = {feb},
	publisher = {Springer Science and Business Media {LLC}},
	volume = {20},
	number = {3},
	pages = {353--364},
	author = {Danielle S Bassett and Olaf Sporns},
	title = {Network neuroscience},
	journal = {Nature Neuroscience}
}
@article{Ito_2017,
	doi = {10.1038/s41467-017-01000-w},
	url = {https://doi.org/10.1038%2Fs41467-017-01000-w},
	year = 2017,
	month = {oct},
	publisher = {Springer Science and Business Media {LLC}},
	volume = {8},
	number = {1},
	author = {Takuya Ito and Kaustubh R. Kulkarni and Douglas H. Schultz and Ravi D. Mill and Richard H. Chen and Levi I. Solomyak and Michael W. Cole},
	title = {Cognitive task information is transferred between brain regions via resting-state network topology},
	journal = {Nature Communications}
}
@article{Spisak_2020,
	doi = {10.1038/s41467-019-13785-z},
	url = {https://doi.org/10.1038%2Fs41467-019-13785-z},
	year = 2020,
	month = {jan},
	publisher = {Springer Science and Business Media {LLC}},
	volume = {11},
	number = {1},
	author = {Tamas Spisak and Balint Kincses and Frederik Schlitt and Matthias Zunhammer and Tobias Schmidt-Wilcke and Zsigmond T. Kincses and Ulrike Bingel},
	title = {Pain-free resting-state functional brain connectivity predicts individual pain sensitivity},
	journal = {Nature Communications}
}
@article{Hopfield_1982,
	doi = {10.1073/pnas.79.8.2554},
	url = {https://doi.org/10.1073%2Fpnas.79.8.2554},
	year = 1982,
	month = {apr},
	publisher = {Proceedings of the National Academy of Sciences},
	volume = {79},
	number = {8},
	pages = {2554--2558},
	author = {J J Hopfield},
	title = {Neural networks and physical systems with emergent collective computational abilities.},
	journal = {Proceedings of the National Academy of Sciences}
}
@article{Tor_D__2011,
	doi = {10.3389/conf.fninf.2011.08.00058},
	url = {https://doi.org/10.3389%2Fconf.fninf.2011.08.00058},
	year = 2011,
	publisher = {Frontiers Media {SA}},
	volume = {5},
	author = {Wager Tor D.},
	title = {{NeuroSynth}: a new platform for large-scale automated synthesis of human functional neuroimaging data},
	journal = {Frontiers in Neuroinformatics}
}
@article{Woo_2015,
	doi = {10.1371/journal.pbio.1002036},
	url = {https://doi.org/10.1371%2Fjournal.pbio.1002036},
	year = 2015,
	month = {jan},
	publisher = {Public Library of Science ({PLoS})},
	volume = {13},
	number = {1},
	pages = {e1002036},
	author = {Choong-Wan Woo and Mathieu Roy and Jason T. Buhle and Tor D. Wager},
	editor = {Michael Posner},
	title = {Distinct Brain Systems Mediate the Effects of Nociceptive Input and Self-Regulation on Pain},
	journal = {{PLoS} Biology}
}
@article{Barttfeld_2015,
	doi = {10.1073/pnas.1418031112},
	url = {https://doi.org/10.1073%2Fpnas.1418031112},
	year = 2015,
	month = {jan},
	publisher = {Proceedings of the National Academy of Sciences},
	volume = {112},
	number = {3},
	pages = {887--892},
	author = {Pablo Barttfeld and Lynn Uhrig and Jacobo D. Sitt and Mariano Sigman and B{\'{e}}chir Jarraya and Stanislas Dehaene},
	title = {Signature of consciousness in the dynamics of resting-state brain activity},
	journal = {Proceedings of the National Academy of Sciences}
}
@article{Robinson_2005,
	doi = {10.1098/rstb.2005.1638},
	url = {https://doi.org/10.1098%2Frstb.2005.1638},
	year = 2005,
	month = {may},
	publisher = {The Royal Society},
	volume = {360},
	number = {1457},
	pages = {1043--1050},
	author = {P. A Robinson and C. J Rennie and D. L Rowe and S. C O{\textquotesingle}Connor and E Gordon},
	title = {Multiscale brain modelling},
	journal = {Philosophical Transactions of the Royal Society B: Biological Sciences}
}
@article{Heinz_2018,
	doi = {10.1093/schbul/sby154},
	url = {https://doi.org/10.1093%2Fschbul%2Fsby154},
	year = 2018,
	month = {nov},
	publisher = {Oxford University Press ({OUP})},
	volume = {45},
	number = {5},
	pages = {1092--1100},
	author = {Andreas Heinz and Graham K Murray and Florian Schlagenhauf and Philipp Sterzer and Anthony A Grace and James A Waltz},
	title = {Towards a Unifying Cognitive, Neurophysiological, and Computational Neuroscience Account of Schizophrenia},
	journal = {Schizophrenia Bulletin}
}
@article{Krotov_2023,
	doi = {10.1038/s42254-023-00595-y},
	url = {https://doi.org/10.1038%2Fs42254-023-00595-y},
	year = 2023,
	month = {may},
	publisher = {Springer Science and Business Media {LLC}},
	volume = {5},
	number = {7},
	pages = {366--367},
	author = {Dmitry Krotov},
	title = {A new frontier for Hopfield networks},
	journal = {Nature Reviews Physics}
}
@article{Cole_2016,
	doi = {10.1038/nn.4406},
	url = {https://doi.org/10.1038%2Fnn.4406},
	year = 2016,
	month = {oct},
	publisher = {Springer Science and Business Media {LLC}},
	volume = {19},
	number = {12},
	pages = {1718--1726},
	author = {Michael W Cole and Takuya Ito and Danielle S Bassett and Douglas H Schultz},
	title = {Activity flow over resting-state networks shapes cognitive task activations},
	journal = {Nature Neuroscience}
}
@article{Zunhammer_2021,
	doi = {10.1038/s41467-021-21179-3},
	url = {https://doi.org/10.1038%2Fs41467-021-21179-3},
	year = 2021,
	month = {mar},
	publisher = {Springer Science and Business Media {LLC}},
	volume = {12},
	number = {1},
	author = {Matthias Zunhammer and Tam{\'{a}}s Spis{\'{a}}k and Tor D. Wager and Ulrike Bingel and Lauren Atlas and Fabrizio Benedetti and Christian Büchel and Jae Chan Choi and Luana Colloca and Davide Duzzi and Falk Eippert and Dan-Mikael Ellingsen and Sigrid Elsenbruch and Stephan Geuter and Ted J. Kaptchuk and Simon S. Kessner and Irving Kirsch and Jian Kong and Claus Lamm and Siri Leknes and Fausta Lui and Alexa Müllner-Huber and Carlo A. Porro and Markus Rütgen and Lieven A. Schenk and Julia Schmid and Nina Theysohn and Irene Tracey and Nathalie Wrobel and Fadel Zeidan and},
	title = {Meta-analysis of neural systems underlying placebo analgesia from individual participant {fMRI} data},
	journal = {Nature Communications}
}
@article{Thompson_2014,
	doi = {10.1016/j.neuroimage.2013.09.029},
	url = {https://doi.org/10.1016%2Fj.neuroimage.2013.09.029},
	year = 2014,
	month = {jan},
	publisher = {Elsevier {BV}},
	volume = {84},
	pages = {1018--1031},
	author = {Garth John Thompson and Wen-Ju Pan and Matthew Evan Magnuson and Dieter Jaeger and Shella Dawn Keilholz},
	title = {Quasi-periodic patterns ({QPP}): Large-scale dynamics in resting state {fMRI} that correlate with local infraslow electrical activity},
	journal = {{NeuroImage}}
}
@article{Golland_2008,
	doi = {10.1016/j.neuropsychologia.2007.10.003},
	url = {https://doi.org/10.1016%2Fj.neuropsychologia.2007.10.003},
	year = 2008,
	publisher = {Elsevier {BV}},
	volume = {46},
	number = {2},
	pages = {540--553},
	author = {Yulia Golland and Polina Golland and Shlomo Bentin and Rafael Malach},
	title = {Data-driven clustering reveals a fundamental subdivision of the human cortex into two global systems},
	journal = {Neuropsychologia}
}