@article{Zalesky_2014,
	doi = {10.1073/pnas.1400181111},
	url = {https://doi.org/10.1073%2Fpnas.1400181111},
	year = 2014,
	month = {jun},
	publisher = {Proceedings of the National Academy of Sciences},
	volume = {111},
	number = {28},
	pages = {10341--10346},
	author = {Andrew Zalesky and Alex Fornito and Luca Cocchi and Leonardo L. Gollo and Michael Breakspear},
	title = {Time-resolved resting-state brain networks},
	journal = {Proceedings of the National Academy of Sciences}
}
@article{Vidaurre_2017,
	doi = {10.1073/pnas.1705120114},
	url = {https://doi.org/10.1073%2Fpnas.1705120114},
	year = 2017,
	month = {oct},
	publisher = {Proceedings of the National Academy of Sciences},
	volume = {114},
	number = {48},
	pages = {12827--12832},
	author = {Diego Vidaurre and Stephen M. Smith and Mark W. Woolrich},
	title = {Brain network dynamics are hierarchically organized in time},
	journal = {Proceedings of the National Academy of Sciences}
}
@article{Liu_2013,
	doi = {10.1073/pnas.1216856110},
	url = {https://doi.org/10.1073%2Fpnas.1216856110},
	year = 2013,
	month = {feb},
	publisher = {Proceedings of the National Academy of Sciences},
	volume = {110},
	number = {11},
	pages = {4392--4397},
	author = {Xiao Liu and Jeff H. Duyn},
	title = {Time-varying functional network information extracted from brief instances of spontaneous brain activity},
	journal = {Proceedings of the National Academy of Sciences}
}
@article{Gutierrez_Barragan_2019,
	doi = {10.1016/j.cub.2019.06.017},
	url = {https://doi.org/10.1016%2Fj.cub.2019.06.017},
	year = 2019,
	month = {jul},
	publisher = {Elsevier {BV}},
	volume = {29},
	number = {14},
	pages = {2295--2306.e5},
	author = {Daniel Gutierrez-Barragan and M. Albert Basson and Stefano Panzeri and Alessandro Gozzi},
	title = {Infraslow State Fluctuations Govern Spontaneous {fMRI} Network Dynamics},
	journal = {Current Biology}
}
@article{Thompson_2014,
	doi = {10.1016/j.neuroimage.2013.09.029},
	url = {https://doi.org/10.1016%2Fj.neuroimage.2013.09.029},
	year = 2014,
	month = {jan},
	publisher = {Elsevier {BV}},
	volume = {84},
	pages = {1018--1031},
	author = {Garth John Thompson and Wen-Ju Pan and Matthew Evan Magnuson and Dieter Jaeger and Shella Dawn Keilholz},
	title = {Quasi-periodic patterns ({QPP}): Large-scale dynamics in resting state {fMRI} that correlate with local infraslow electrical activity},
	journal = {{NeuroImage}}
}
@article{Cole_2016,
	doi = {10.1038/nn.4406},
	url = {https://doi.org/10.1038%2Fnn.4406},
	year = 2016,
	month = {oct},
	publisher = {Springer Science and Business Media {LLC}},
	volume = {19},
	number = {12},
	pages = {1718--1726},
	author = {Michael W Cole and Takuya Ito and Danielle S Bassett and Douglas H Schultz},
	title = {Activity flow over resting-state networks shapes cognitive task activations},
	journal = {Nature Neuroscience}
}
@article{Meer_2020,
	doi = {10.1038/s41467-020-18717-w},
	url = {https://doi.org/10.1038%2Fs41467-020-18717-w},
	year = 2020,
	month = {oct},
	publisher = {Springer Science and Business Media {LLC}},
	volume = {11},
	number = {1},
	author = {Johan N. van der Meer and Michael Breakspear and Luke J. Chang and Saurabh Sonkusare and Luca Cocchi},
	title = {Movie viewing elicits rich and reliable brain state dynamics},
	journal = {Nature Communications}
}
@article{Breakspear_2017,
	doi = {10.1038/nn.4497},
	url = {https://doi.org/10.1038%2Fnn.4497},
	year = 2017,
	month = {feb},
	publisher = {Springer Science and Business Media {LLC}},
	volume = {20},
	number = {3},
	pages = {340--352},
	author = {Michael Breakspear},
	title = {Dynamic models of large-scale brain activity},
	journal = {Nature Neuroscience}
}
@article{Doerig_2023,
	doi = {10.1038/s41583-023-00705-w},
	url = {https://doi.org/10.1038%2Fs41583-023-00705-w},
	year = 2023,
	month = {may},
	publisher = {Springer Science and Business Media {LLC}},
	volume = {24},
	number = {7},
	pages = {431--450},
	author = {Adrien Doerig and Rowan P. Sommers and Katja Seeliger and Blake Richards and Jenann Ismael and Grace W. Lindsay and Konrad P. Kording and Talia Konkle and Marcel A. J. van Gerven and Nikolaus Kriegeskorte and Tim C. Kietzmann},
	title = {The neuroconnectionist research programme},
	journal = {Nature Reviews Neuroscience}
}