@article{Vidaurre_2017,
	doi = {10.1073/pnas.1705120114},
	url = {https://doi.org/10.1073%2Fpnas.1705120114},
	year = 2017,
	month = {oct},
	publisher = {Proceedings of the National Academy of Sciences},
	volume = {114},
	number = {48},
	pages = {12827--12832},
	author = {Diego Vidaurre and Stephen M. Smith and Mark W. Woolrich},
	title = {Brain network dynamics are hierarchically organized in time},
	journal = {Proceedings of the National Academy of Sciences}
}
@article{Woo_2015,
	doi = {10.1371/journal.pbio.1002036},
	url = {https://doi.org/10.1371%2Fjournal.pbio.1002036},
	year = 2015,
	month = {jan},
	publisher = {Public Library of Science ({PLoS})},
	volume = {13},
	number = {1},
	pages = {e1002036},
	author = {Choong-Wan Woo and Mathieu Roy and Jason T. Buhle and Tor D. Wager},
	editor = {Michael Posner},
	title = {Distinct Brain Systems Mediate the Effects of Nociceptive Input and Self-Regulation on Pain},
	journal = {{PLoS} Biology}
}
@article{Hutchison_2013,
	doi = {10.1016/j.neuroimage.2013.05.079},
	url = {https://doi.org/10.1016%2Fj.neuroimage.2013.05.079},
	year = 2013,
	month = {oct},
	publisher = {Elsevier {BV}},
	volume = {80},
	pages = {360--378},
	author = {R. Matthew Hutchison and Thilo Womelsdorf and Elena A. Allen and Peter A. Bandettini and Vince D. Calhoun and Maurizio Corbetta and Stefania Della Penna and Jeff H. Duyn and Gary H. Glover and Javier Gonzalez-Castillo and Daniel A. Handwerker and Shella Keilholz and Vesa Kiviniemi and David A. Leopold and Francesco de Pasquale and Olaf Sporns and Martin Walter and Catie Chang},
	title = {Dynamic functional connectivity: Promise, issues, and interpretations},
	journal = {{NeuroImage}}
}
@article{Ito_2017,
	doi = {10.1038/s41467-017-01000-w},
	url = {https://doi.org/10.1038%2Fs41467-017-01000-w},
	year = 2017,
	month = {oct},
	publisher = {Springer Science and Business Media {LLC}},
	volume = {8},
	number = {1},
	author = {Takuya Ito and Kaustubh R. Kulkarni and Douglas H. Schultz and Ravi D. Mill and Richard H. Chen and Levi I. Solomyak and Michael W. Cole},
	title = {Cognitive task information is transferred between brain regions via resting-state network topology},
	journal = {Nature Communications}
}
@article{Richiardi_2011,
	doi = {10.1016/j.neuroimage.2010.05.081},
	url = {https://doi.org/10.1016%2Fj.neuroimage.2010.05.081},
	year = 2011,
	month = {may},
	publisher = {Elsevier {BV}},
	volume = {56},
	number = {2},
	pages = {616--626},
	author = {Jonas Richiardi and Hamdi Eryilmaz and Sophie Schwartz and Patrik Vuilleumier and Dimitri Van De Ville},
	title = {Decoding brain states from {fMRI} connectivity graphs},
	journal = {{NeuroImage}}
}
@article{Heinz_2018,
	doi = {10.1093/schbul/sby154},
	url = {https://doi.org/10.1093%2Fschbul%2Fsby154},
	year = 2018,
	month = {nov},
	publisher = {Oxford University Press ({OUP})},
	volume = {45},
	number = {5},
	pages = {1092--1100},
	author = {Andreas Heinz and Graham K Murray and Florian Schlagenhauf and Philipp Sterzer and Anthony A Grace and James A Waltz},
	title = {Towards a Unifying Cognitive, Neurophysiological, and Computational Neuroscience Account of Schizophrenia},
	journal = {Schizophrenia Bulletin}
}
@article{Doerig_2023,
	doi = {10.1038/s41583-023-00705-w},
	url = {https://doi.org/10.1038%2Fs41583-023-00705-w},
	year = 2023,
	month = {may},
	publisher = {Springer Science and Business Media {LLC}},
	volume = {24},
	number = {7},
	pages = {431--450},
	author = {Adrien Doerig and Rowan P. Sommers and Katja Seeliger and Blake Richards and Jenann Ismael and Grace W. Lindsay and Konrad P. Kording and Talia Konkle and Marcel A. J. van Gerven and Nikolaus Kriegeskorte and Tim C. Kietzmann},
	title = {The neuroconnectionist research programme},
	journal = {Nature Reviews Neuroscience}
}
@article{Golland_2008,
	doi = {10.1016/j.neuropsychologia.2007.10.003},
	url = {https://doi.org/10.1016%2Fj.neuropsychologia.2007.10.003},
	year = 2008,
	publisher = {Elsevier {BV}},
	volume = {46},
	number = {2},
	pages = {540--553},
	author = {Yulia Golland and Polina Golland and Shlomo Bentin and Rafael Malach},
	title = {Data-driven clustering reveals a fundamental subdivision of the human cortex into two global systems},
	journal = {Neuropsychologia}
}
@article{Cole_2016,
	doi = {10.1038/nn.4406},
	url = {https://doi.org/10.1038%2Fnn.4406},
	year = 2016,
	month = {oct},
	publisher = {Springer Science and Business Media {LLC}},
	volume = {19},
	number = {12},
	pages = {1718--1726},
	author = {Michael W Cole and Takuya Ito and Danielle S Bassett and Douglas H Schultz},
	title = {Activity flow over resting-state networks shapes cognitive task activations},
	journal = {Nature Neuroscience}
}
@article{Breakspear_2017,
	doi = {10.1038/nn.4497},
	url = {https://doi.org/10.1038%2Fnn.4497},
	year = 2017,
	month = {feb},
	publisher = {Springer Science and Business Media {LLC}},
	volume = {20},
	number = {3},
	pages = {340--352},
	author = {Michael Breakspear},
	title = {Dynamic models of large-scale brain activity},
	journal = {Nature Neuroscience}
}
@article{Chen_2018,
	doi = {10.1089/brain.2018.0586},
	url = {https://doi.org/10.1089%2Fbrain.2018.0586},
	year = 2018,
	month = {sep},
	publisher = {Mary Ann Liebert Inc},
	volume = {8},
	number = {7},
	pages = {429--443},
	author = {Richard H. Chen and Takuya Ito and Kaustubh R. Kulkarni and Michael W. Cole},
	title = {The Human Brain Traverses a Common Activation-Pattern State Space Across Task and Rest},
	journal = {Brain Connectivity}
}
@article{Kriegeskorte_2018,
	doi = {10.1038/s41593-018-0210-5},
	url = {https://doi.org/10.1038%2Fs41593-018-0210-5},
	year = 2018,
	month = {aug},
	publisher = {Springer Science and Business Media {LLC}},
	volume = {21},
	number = {9},
	pages = {1148--1160},
	author = {Nikolaus Kriegeskorte and Pamela K. Douglas},
	title = {Cognitive computational neuroscience},
	journal = {Nature Neuroscience}
}
@article{Krotov_2023,
	doi = {10.1038/s42254-023-00595-y},
	url = {https://doi.org/10.1038%2Fs42254-023-00595-y},
	year = 2023,
	month = {may},
	publisher = {Springer Science and Business Media {LLC}},
	volume = {5},
	number = {7},
	pages = {366--367},
	author = {Dmitry Krotov},
	title = {A new frontier for Hopfield networks},
	journal = {Nature Reviews Physics}
}
@article{Liu_2013,
	doi = {10.1073/pnas.1216856110},
	url = {https://doi.org/10.1073%2Fpnas.1216856110},
	year = 2013,
	month = {feb},
	publisher = {Proceedings of the National Academy of Sciences},
	volume = {110},
	number = {11},
	pages = {4392--4397},
	author = {Xiao Liu and Jeff H. Duyn},
	title = {Time-varying functional network information extracted from brief instances of spontaneous brain activity},
	journal = {Proceedings of the National Academy of Sciences}
}
@article{Smith_2012,
	doi = {10.1073/pnas.1121329109},
	url = {https://doi.org/10.1073%2Fpnas.1121329109},
	year = 2012,
	month = {feb},
	publisher = {Proceedings of the National Academy of Sciences},
	volume = {109},
	number = {8},
	pages = {3131--3136},
	author = {Stephen M. Smith and Karla L. Miller and Steen Moeller and Junqian Xu and Edward J. Auerbach and Mark W. Woolrich and Christian F. Beckmann and Mark Jenkinson and Jesper Andersson and Matthew F. Glasser and David C. Van Essen and David A. Feinberg and Essa S. Yacoub and Kamil Ugurbil},
	title = {Temporally-independent functional modes of spontaneous brain activity},
	journal = {Proceedings of the National Academy of Sciences}
}
@article{Richards_2019,
	doi = {10.1038/s41593-019-0520-2},
	url = {https://doi.org/10.1038%2Fs41593-019-0520-2},
	year = 2019,
	month = {oct},
	publisher = {Springer Science and Business Media {LLC}},
	volume = {22},
	number = {11},
	pages = {1761--1770},
	author = {Blake A. Richards and Timothy P. Lillicrap and Philippe Beaudoin and Yoshua Bengio and Rafal Bogacz and Amelia Christensen and Claudia Clopath and Rui Ponte Costa and Archy de Berker and Surya Ganguli and Colleen J. Gillon and Danijar Hafner and Adam Kepecs and Nikolaus Kriegeskorte and Peter Latham and Grace W. Lindsay and Kenneth D. Miller and Richard Naud and Christopher C. Pack and Panayiota Poirazi and Pieter Roelfsema and Jo{\~{a}}o Sacramento and Andrew Saxe and Benjamin Scellier and Anna C. Schapiro and Walter Senn and Greg Wayne and Daniel Yamins and Friedemann Zenke and Joel Zylberberg and Denis Therien and Konrad P. Kording},
	title = {A deep learning framework for neuroscience},
	journal = {Nature Neuroscience}
}