@article{Cole_2016,
	doi = {10.1038/nn.4406},
	url = {https://doi.org/10.1038%2Fnn.4406},
	year = 2016,
	month = {oct},
	publisher = {Springer Science and Business Media {LLC}},
	volume = {19},
	number = {12},
	pages = {1718--1726},
	author = {Michael W Cole and Takuya Ito and Danielle S Bassett and Douglas H Schultz},
	title = {Activity flow over resting-state networks shapes cognitive task activations},
	journal = {Nature Neuroscience}
}
@article{Kriegeskorte_2018,
	doi = {10.1038/s41593-018-0210-5},
	url = {https://doi.org/10.1038%2Fs41593-018-0210-5},
	year = 2018,
	month = {aug},
	publisher = {Springer Science and Business Media {LLC}},
	volume = {21},
	number = {9},
	pages = {1148--1160},
	author = {Nikolaus Kriegeskorte and Pamela K. Douglas},
	title = {Cognitive computational neuroscience},
	journal = {Nature Neuroscience}
}
@article{Hutchison_2013,
	doi = {10.1016/j.neuroimage.2013.05.079},
	url = {https://doi.org/10.1016%2Fj.neuroimage.2013.05.079},
	year = 2013,
	month = {oct},
	publisher = {Elsevier {BV}},
	volume = {80},
	pages = {360--378},
	author = {R. Matthew Hutchison and Thilo Womelsdorf and Elena A. Allen and Peter A. Bandettini and Vince D. Calhoun and Maurizio Corbetta and Stefania Della Penna and Jeff H. Duyn and Gary H. Glover and Javier Gonzalez-Castillo and Daniel A. Handwerker and Shella Keilholz and Vesa Kiviniemi and David A. Leopold and Francesco de Pasquale and Olaf Sporns and Martin Walter and Catie Chang},
	title = {Dynamic functional connectivity: Promise, issues, and interpretations},
	journal = {{NeuroImage}}
}
@article{Zalesky_2014,
	doi = {10.1073/pnas.1400181111},
	url = {https://doi.org/10.1073%2Fpnas.1400181111},
	year = 2014,
	month = {jun},
	publisher = {Proceedings of the National Academy of Sciences},
	volume = {111},
	number = {28},
	pages = {10341--10346},
	author = {Andrew Zalesky and Alex Fornito and Luca Cocchi and Leonardo L. Gollo and Michael Breakspear},
	title = {Time-resolved resting-state brain networks},
	journal = {Proceedings of the National Academy of Sciences}
}
@article{Breakspear_2017,
	doi = {10.1038/nn.4497},
	url = {https://doi.org/10.1038%2Fnn.4497},
	year = 2017,
	month = {feb},
	publisher = {Springer Science and Business Media {LLC}},
	volume = {20},
	number = {3},
	pages = {340--352},
	author = {Michael Breakspear},
	title = {Dynamic models of large-scale brain activity},
	journal = {Nature Neuroscience}
}
@article{McCormick_2022,
	doi = {10.1162/netn_a_00234},
	url = {https://doi.org/10.1162%2Fnetn_a_00234},
	year = 2022,
	publisher = {{MIT} Press - Journals},
	volume = {6},
	number = {2},
	pages = {570--590},
	author = {Ethan M. McCormick and Katelyn L. Arnemann and Takuya Ito and Stephen Jos{\'{e}} Hanson and Michael W. Cole},
	title = {Latent functional connectivity underlying multiple brain states},
	journal = {Network Neuroscience}
}
@article{Hearne_2021,
	doi = {10.1126/sciadv.abf2513},
	url = {https://doi.org/10.1126%2Fsciadv.abf2513},
	year = 2021,
	month = {jul},
	publisher = {American Association for the Advancement of Science ({AAAS})},
	volume = {7},
	number = {29},
	author = {Luke J. Hearne and Ravi D. Mill and Brian P. Keane and Grega Repov{\v{s}} and Alan Anticevic and Michael W. Cole},
	title = {Activity flow underlying abnormalities in brain activations and cognition in schizophrenia},
	journal = {Science Advances}
}
@article{Koiran_1994,
	doi = {10.1162/neco.1994.6.3.459},
	url = {https://doi.org/10.1162%2Fneco.1994.6.3.459},
	year = 1994,
	month = {may},
	publisher = {{MIT} Press - Journals},
	volume = {6},
	number = {3},
	pages = {459--468},
	author = {Pascal Koiran},
	title = {Dynamics of Discrete Time, Continuous State Hopfield Networks},
	journal = {Neural Computation}
}
@article{Spisak_2020,
	doi = {10.1038/s41467-019-13785-z},
	url = {https://doi.org/10.1038%2Fs41467-019-13785-z},
	year = 2020,
	month = {jan},
	publisher = {Springer Science and Business Media {LLC}},
	volume = {11},
	number = {1},
	author = {Tamas Spisak and Balint Kincses and Frederik Schlitt and Matthias Zunhammer and Tobias Schmidt-Wilcke and Zsigmond T. Kincses and Ulrike Bingel},
	title = {Pain-free resting-state functional brain connectivity predicts individual pain sensitivity},
	journal = {Nature Communications}
}
@article{Cioli_2014,
	doi = {10.1371/journal.pone.0115913},
	url = {https://doi.org/10.1371%2Fjournal.pone.0115913},
	year = 2014,
	month = {dec},
	publisher = {Public Library of Science ({PLoS})},
	volume = {9},
	number = {12},
	pages = {e115913},
	author = {Claudia Cioli and Herv{\'{e}} Abdi and Derek Beaton and Yves Burnod and Salma Mesmoudi},
	editor = {Alexander G. Obukhov},
	title = {Differences in Human Cortical Gene Expression Match the Temporal Properties of Large-Scale Functional Networks},
	journal = {{PLoS} {ONE}}
}
@article{Hopfield_1982,
	doi = {10.1073/pnas.79.8.2554},
	url = {https://doi.org/10.1073%2Fpnas.79.8.2554},
	year = 1982,
	month = {apr},
	publisher = {Proceedings of the National Academy of Sciences},
	volume = {79},
	number = {8},
	pages = {2554--2558},
	author = {J J Hopfield},
	title = {Neural networks and physical systems with emergent collective computational abilities.},
	journal = {Proceedings of the National Academy of Sciences}
}
@article{Chen_2018,
	doi = {10.1089/brain.2018.0586},
	url = {https://doi.org/10.1089%2Fbrain.2018.0586},
	year = 2018,
	month = {sep},
	publisher = {Mary Ann Liebert Inc},
	volume = {8},
	number = {7},
	pages = {429--443},
	author = {Richard H. Chen and Takuya Ito and Kaustubh R. Kulkarni and Michael W. Cole},
	title = {The Human Brain Traverses a Common Activation-Pattern State Space Across Task and Rest},
	journal = {Brain Connectivity}
}
@article{Zunhammer_2021,
	doi = {10.1038/s41467-021-21179-3},
	url = {https://doi.org/10.1038%2Fs41467-021-21179-3},
	year = 2021,
	month = {mar},
	publisher = {Springer Science and Business Media {LLC}},
	volume = {12},
	number = {1},
	author = {Matthias Zunhammer and Tam{\'{a}}s Spis{\'{a}}k and Tor D. Wager and Ulrike Bingel and Lauren Atlas and Fabrizio Benedetti and Christian Büchel and Jae Chan Choi and Luana Colloca and Davide Duzzi and Falk Eippert and Dan-Mikael Ellingsen and Sigrid Elsenbruch and Stephan Geuter and Ted J. Kaptchuk and Simon S. Kessner and Irving Kirsch and Jian Kong and Claus Lamm and Siri Leknes and Fausta Lui and Alexa Müllner-Huber and Carlo A. Porro and Markus Rütgen and Lieven A. Schenk and Julia Schmid and Nina Theysohn and Irene Tracey and Nathalie Wrobel and Fadel Zeidan and},
	title = {Meta-analysis of neural systems underlying placebo analgesia from individual participant {fMRI} data},
	journal = {Nature Communications}
}
@article{Doerig_2023,
	doi = {10.1038/s41583-023-00705-w},
	url = {https://doi.org/10.1038%2Fs41583-023-00705-w},
	year = 2023,
	month = {may},
	publisher = {Springer Science and Business Media {LLC}},
	volume = {24},
	number = {7},
	pages = {431--450},
	author = {Adrien Doerig and Rowan P. Sommers and Katja Seeliger and Blake Richards and Jenann Ismael and Grace W. Lindsay and Konrad P. Kording and Talia Konkle and Marcel A. J. van Gerven and Nikolaus Kriegeskorte and Tim C. Kietzmann},
	title = {The neuroconnectionist research programme},
	journal = {Nature Reviews Neuroscience}
}