@article{Richards_2019,
	doi = {10.1038/s41593-019-0520-2},
	url = {https://doi.org/10.1038%2Fs41593-019-0520-2},
	year = 2019,
	month = {oct},
	publisher = {Springer Science and Business Media {LLC}},
	volume = {22},
	number = {11},
	pages = {1761--1770},
	author = {Blake A. Richards and Timothy P. Lillicrap and Philippe Beaudoin and Yoshua Bengio and Rafal Bogacz and Amelia Christensen and Claudia Clopath and Rui Ponte Costa and Archy de Berker and Surya Ganguli and Colleen J. Gillon and Danijar Hafner and Adam Kepecs and Nikolaus Kriegeskorte and Peter Latham and Grace W. Lindsay and Kenneth D. Miller and Richard Naud and Christopher C. Pack and Panayiota Poirazi and Pieter Roelfsema and Jo{\~{a}}o Sacramento and Andrew Saxe and Benjamin Scellier and Anna C. Schapiro and Walter Senn and Greg Wayne and Daniel Yamins and Friedemann Zenke and Joel Zylberberg and Denis Therien and Konrad P. Kording},
	title = {A deep learning framework for neuroscience},
	journal = {Nature Neuroscience}
}
@article{Breakspear_2017,
	doi = {10.1038/nn.4497},
	url = {https://doi.org/10.1038%2Fnn.4497},
	year = 2017,
	month = {feb},
	publisher = {Springer Science and Business Media {LLC}},
	volume = {20},
	number = {3},
	pages = {340--352},
	author = {Michael Breakspear},
	title = {Dynamic models of large-scale brain activity},
	journal = {Nature Neuroscience}
}
@article{Gutierrez_Barragan_2019,
	doi = {10.1016/j.cub.2019.06.017},
	url = {https://doi.org/10.1016%2Fj.cub.2019.06.017},
	year = 2019,
	month = {jul},
	publisher = {Elsevier {BV}},
	volume = {29},
	number = {14},
	pages = {2295--2306.e5},
	author = {Daniel Gutierrez-Barragan and M. Albert Basson and Stefano Panzeri and Alessandro Gozzi},
	title = {Infraslow State Fluctuations Govern Spontaneous {fMRI} Network Dynamics},
	journal = {Current Biology}
}
@article{Vidaurre_2017,
	doi = {10.1073/pnas.1705120114},
	url = {https://doi.org/10.1073%2Fpnas.1705120114},
	year = 2017,
	month = {oct},
	publisher = {Proceedings of the National Academy of Sciences},
	volume = {114},
	number = {48},
	pages = {12827--12832},
	author = {Diego Vidaurre and Stephen M. Smith and Mark W. Woolrich},
	title = {Brain network dynamics are hierarchically organized in time},
	journal = {Proceedings of the National Academy of Sciences}
}
@article{Thompson_2014,
	doi = {10.1016/j.neuroimage.2013.09.029},
	url = {https://doi.org/10.1016%2Fj.neuroimage.2013.09.029},
	year = 2014,
	month = {jan},
	publisher = {Elsevier {BV}},
	volume = {84},
	pages = {1018--1031},
	author = {Garth John Thompson and Wen-Ju Pan and Matthew Evan Magnuson and Dieter Jaeger and Shella Dawn Keilholz},
	title = {Quasi-periodic patterns ({QPP}): Large-scale dynamics in resting state {fMRI} that correlate with local infraslow electrical activity},
	journal = {{NeuroImage}}
}
@article{Liu_2013,
	doi = {10.1073/pnas.1216856110},
	url = {https://doi.org/10.1073%2Fpnas.1216856110},
	year = 2013,
	month = {feb},
	publisher = {Proceedings of the National Academy of Sciences},
	volume = {110},
	number = {11},
	pages = {4392--4397},
	author = {Xiao Liu and Jeff H. Duyn},
	title = {Time-varying functional network information extracted from brief instances of spontaneous brain activity},
	journal = {Proceedings of the National Academy of Sciences}
}
@article{Richiardi_2011,
	doi = {10.1016/j.neuroimage.2010.05.081},
	url = {https://doi.org/10.1016%2Fj.neuroimage.2010.05.081},
	year = 2011,
	month = {may},
	publisher = {Elsevier {BV}},
	volume = {56},
	number = {2},
	pages = {616--626},
	author = {Jonas Richiardi and Hamdi Eryilmaz and Sophie Schwartz and Patrik Vuilleumier and Dimitri Van De Ville},
	title = {Decoding brain states from {fMRI} connectivity graphs},
	journal = {{NeuroImage}}
}
@article{Smith_2012,
	doi = {10.1073/pnas.1121329109},
	url = {https://doi.org/10.1073%2Fpnas.1121329109},
	year = 2012,
	month = {feb},
	publisher = {Proceedings of the National Academy of Sciences},
	volume = {109},
	number = {8},
	pages = {3131--3136},
	author = {Stephen M. Smith and Karla L. Miller and Steen Moeller and Junqian Xu and Edward J. Auerbach and Mark W. Woolrich and Christian F. Beckmann and Mark Jenkinson and Jesper Andersson and Matthew F. Glasser and David C. Van Essen and David A. Feinberg and Essa S. Yacoub and Kamil Ugurbil},
	title = {Temporally-independent functional modes of spontaneous brain activity},
	journal = {Proceedings of the National Academy of Sciences}
}
@article{Meer_2020,
	doi = {10.1038/s41467-020-18717-w},
	url = {https://doi.org/10.1038%2Fs41467-020-18717-w},
	year = 2020,
	month = {oct},
	publisher = {Springer Science and Business Media {LLC}},
	volume = {11},
	number = {1},
	author = {Johan N. van der Meer and Michael Breakspear and Luke J. Chang and Saurabh Sonkusare and Luca Cocchi},
	title = {Movie viewing elicits rich and reliable brain state dynamics},
	journal = {Nature Communications}
}
@article{Doerig_2023,
	doi = {10.1038/s41583-023-00705-w},
	url = {https://doi.org/10.1038%2Fs41583-023-00705-w},
	year = 2023,
	month = {may},
	publisher = {Springer Science and Business Media {LLC}},
	volume = {24},
	number = {7},
	pages = {431--450},
	author = {Adrien Doerig and Rowan P. Sommers and Katja Seeliger and Blake Richards and Jenann Ismael and Grace W. Lindsay and Konrad P. Kording and Talia Konkle and Marcel A. J. van Gerven and Nikolaus Kriegeskorte and Tim C. Kietzmann},
	title = {The neuroconnectionist research programme},
	journal = {Nature Reviews Neuroscience}
}
@article{Hutchison_2013,
	doi = {10.1016/j.neuroimage.2013.05.079},
	url = {https://doi.org/10.1016%2Fj.neuroimage.2013.05.079},
	year = 2013,
	month = {oct},
	publisher = {Elsevier {BV}},
	volume = {80},
	pages = {360--378},
	author = {R. Matthew Hutchison and Thilo Womelsdorf and Elena A. Allen and Peter A. Bandettini and Vince D. Calhoun and Maurizio Corbetta and Stefania Della Penna and Jeff H. Duyn and Gary H. Glover and Javier Gonzalez-Castillo and Daniel A. Handwerker and Shella Keilholz and Vesa Kiviniemi and David A. Leopold and Francesco de Pasquale and Olaf Sporns and Martin Walter and Catie Chang},
	title = {Dynamic functional connectivity: Promise, issues, and interpretations},
	journal = {{NeuroImage}}
}
@article{Barttfeld_2015,
	doi = {10.1073/pnas.1418031112},
	url = {https://doi.org/10.1073%2Fpnas.1418031112},
	year = 2015,
	month = {jan},
	publisher = {Proceedings of the National Academy of Sciences},
	volume = {112},
	number = {3},
	pages = {887--892},
	author = {Pablo Barttfeld and Lynn Uhrig and Jacobo D. Sitt and Mariano Sigman and B{\'{e}}chir Jarraya and Stanislas Dehaene},
	title = {Signature of consciousness in the dynamics of resting-state brain activity},
	journal = {Proceedings of the National Academy of Sciences}
}